2550 5040
249 470 252 477 Ι
373 386 521 450 senona
542 379 892 446 aunuuameeauu.
1098 376 1157 458 tt.

142 624 145 629 .
211 564 299 648 ue,
334 588 398 636 cur
423 587 594 636 neuroses
619 561 666 633 ab
691 562 735 632 iis
760 562 984 655 potissimum
1010 570 1156 629 curatae

236 713 277 760 ae
306 687 476 769 nervine,
501 712 594 784 quae
616 687 807 768 dicuutur,
833 684 993 756 remedia
1012 681 1157 752 adhibi-

236 825 291 882 ta:
313 813 519 893 vomitoria,
539 811 715 915 alterandi
731 811 819 894 fine,
838 823 1055 891 castoreum,
1074 807 1156 919 'the-

236 934 351 1017 riace,
376 938 603 1030 perspicitur.

551 1197 713 1231 -ae—

482 1402 511 1459 G
530 1404 555 1460 Α
573 1404 597 1460 L
616 1404 641 1459 E
660 1403 686 1460 N
705 1401 732 1458 U
752 1400 783 1458 S.

434 1563 469 1620 A.
496 1562 654 1624 {tl-200.
681 1586 713 1642 p·
737 1564 772 1625 C·
797 1559 834 1620 N.

168 1804 274 1886 Natus
306 1823 361 1884 est
395 1786 552 1887 Galenus
589 1838 683 1886 anuo
722 1824 803 1910 post
838 1811 919 1916 (ἑὴν.
951 1810 1023 1886 131“
1053 1812 1179 1908 regui,

138 1932 289 2008 Hadriani
307 1937 537 2031 Imperatoris
560 1935 626 2022 14⁰,
651 1939 834 2032 Pergami,
849 1936 939 2009 urbe
959 1937 1091 2032 Mysiae
1107 1937 1155 2008 ad

144 2053 271 2153 Caycum
291 2061 441 2144 flumen,
466 2061 579 2133 nobili
605 2064 786 2160 quondam
821 2061 1026 2133 Attalorum
1044 2060 1154 2156 regia.

142 2179 229 2258 Natus
248 2198 318 2267 est,
343 2199 444 2281 patre
463 2187 615 2270 Nicone,
639 2185 853 2281 philosopho
881 2198 920 2258 et
937 2186 1157 2268 architecto,

76 2404 81 2419 .
140 2304 200 2380 tiro
232 2311 472 2383 eruditissimo
500 2335 542 2382 ac
570 2310 728 2382 moribus
755 2310 1006 2400 sedatissimis,
1040 2321 1155 2382 matre

76 2452 80 2493 r
134 2430 310 2517 iracunda,
343 2460 467 2531 aspera
492 2420 692 2530 acerbaque
720 2436 759 2506 in
790 2459 883 2507 suos.
942 2417 1155 2508 Liberaliter

130 2572 260 2655 epatre
277 2561 479 2642 institutus,
500 2562 564 2656 qui
577 2586 623 2632 ue
644 2560 813 2655 impensis
830 2560 1031 2654 sumptibus
1050 2558 1089 2629 in
1108 2582 1154 2630 ec

125 2683 340 2755 instituendo
367 2687 548 2780 pepercit,
576 2685 622 2755 ab
643 2685 721 2781 ipso
743 2686 896 2779 primum
924 2683 970 2753 ad
986 2683 1158 2778 phileae:

119 2807 209 2904 phos
225 2807 357 2878 ductus
376 2819 450 2890 est,
477 2821 572 2907 tum,
598 2823 699 2904 patre
714 2833 779 2905 per
803 2831 965 2879 somnum
995 2807 1156 2887 admoni-

115 2941 173 3015 to,
210 2930 256 3002 ad
291 2930 461 3004 medicos.
521 2935 609 3004 Post
639 2932 752 3026 patris
779 2932 919 3004 ebitum
953 2912 1159 3028 Smyrnam:

115 3055 348 3136 Corinthum,
374 3056 631 3129 Alexandriam
643 3057 807 3127 discendi
825 3081 950 3129 caussa
971 3056 1156 3151 proiectus

114 3194 193 3253 est:
231 3205 322 3253 enne
357 3194 479 3252 autem
510 3183 639 3252 aetatis
662 3180 709 3253 28
740 3181 778 3251 in
806 3184 958 3274 patriam
991 3176 1155 3252 reversus

111 3305 331 3400 pontificum
364 3328 565 3376 annuorum
588 3307 702 3398 jussu¹
726 3305 950 3395 curationem
984 3305 1156 3407 gladiato·

112 3453 199 3501 rum
225 3430 384 3523 suscepit
411 3453 476 3524 per
503 3409 757 3525 quinque'aut
779 3454 838 3501 sex
861 3453 991 3518 anuos3
1029 3441 1156 3524 postea

112 3554 265 3626 Rumam
297 3553 399 3626 venit
437 3554 562 3649 ibique
600 3578 767 3650 maguum
797 3553 866 3624 sibi
899 3576 1031 3624 nomen
1059 3542 1157 3649 apud

111 3673 277 3773 plebejos
295 3688 334 3750 et
363 3677 553 3773 optimates
575 3680 675 3752 fecit.
723 3678 836 3750 Simul
864 3689 1004 3760 tamen,
1033 3691 1076 3750 ut
1095 3678 1156 3776 fit,

96 3803 157 3891 ‘in
183 3803 399 3874 medicorum
418 3804 571 3875 incurrit
593 3804 776 3876 invidiam,
826 3802 881 3873 Ac
903 3802 1074 3898 deinceps
1097 3803 1157 3876 vel

115 3927 270 4006 Romae,
304 3926 363 3999 vel
391 3927 430 3997 in
450 3928 629 4021 patriain
659 3929 733 4026 ctio
763 3927 870 4008 vixit,
905 3914 1008 3996 libris
1033 3927 1157 3999 multis
1241 4014 1246 4029 ι

114 4051 385 4124 conscribendis
424 4075 567 4148 operam
611 4075 755 4124 navans.
815 4052 889 4124 Nec
924 4037 1158 4148 inprobabilis
1237 4052 1253 4090 ⁴
