2566 5040
113 407 193 473 Μ’
417 401 547 462 GUL.
595 400 853 464 CULLEN.

46 607 47 610 ’
118 597 182 658 aut
204 580 377 656 sublatus.
424 584 570 676 Spasmo
588 581 652 652 illo'
667 581 713 651 ad
730 578 950 676 tergendum
965 605 1045 656 sese
1064 604 1152 656 eom·

117 710 221 806 ponit
240 718 369 778 nature
381 706 541 801 ideoque
564 706 707 777 initium
724 704 918 777 dicendum
942 719 999 779 cst
1019 710 1152 783 renisus

117 832 301 906 naturalis.
362 831 475 903 Simul
499 842 621 901 eutem
650 831 689 901 in
722 842 796 903 toto
821 830 979 904 febrium
1002 831 1152 907 decursu

26 1005 29 1009 «
118 956 159 1029 in
182 954 348 1027 extremis
375 956 466 1026 vasis
486 956 605 1026 atonia
628 967 692 1026 est.
815 928 820 936 i

136 1111 138 1117 ¹
167 1078 339 1160 cernitis,
362 1057 449 1172 poni
476 1081 581 1150 simul
603 1080 641 1149 in
664 1077 791 1151 iisdem
813 1080 979 1173 partibus
1001 1083 1150 1155 eteniam

119 1216 158 1274 et
191 1226 387 1297 spasmum,
423 1229 517 1298 quae
556 1228 629 1299 quo
665 1217 771 1299 pacto
809 1205 1048 1297 cohaereant,
1086 1230 1150 1279 nou

121 1326 246 1410 video,
290 1350 409 1422 neque
446 1327 558 1410 vidit,
591 1339 635 1399 ut
678 1331 819 1422 opinor,
857 1328 1055 1413 Centrum,
1091 1327 1152 1401 etsi

119 1453 244 1544 multis
264 1450 550 1545 sophismatibus
563 1476 642 1522 eam
653 1437 933 1547 repugnantiam
950 1455 1082 1526 tollere
1097 1477 1151 1524 coe

118 1589 225 1650 natus
244 1577 305 1647 sic
350 1573 557 1648 Consentire
573 1576 796 1649 stomachum
814 1579 1026 1672 eteorporis
1041 1599 1152 1672 super·

17 1679 31 1784 ¹.
119 1703 240 1773 ficiem
248 1692 261 1782 ·,’
281 1701 417 1794 inquit,
443 1699 631 1776 decentet
657 1701 727 1771 elie
743 1711 781 1771 et
796 1723 910 1772 nexus
930 1703 1152 1797 perspiretic·

120 1828 177 1897 nis
196 1838 234 1897 et
264 1826 466 1918 adpetitus,
491 1847 651 1894 necnon
672 1822 811 1916 frigoris
827 1824 968 1895 externi
986 1824 1062 1908 vis,
1085 1847 1150 1920 quc

120 1952 229 2022 simul
258 1961 298 2021 et
333 1949 545 2047 perspiratio
587 1959 739 2041 augetur
775 1960 814 2020 et
850 1946 1049 2042 adpetitus.
1099 1949 1152 2036 Its

120 2084 356 2169 symptomata
383 2074 590 2154 anorexiac,
614 2097 789 2154 nauseae,
815 2073 971 2145 vomitus
990 2073 1033 2144 in
1055 2071 1153 2144 febri-

20 2281 22 2284 ⁴
121 2199 191 2267 bus
225 2191 456 2266 nascentibus
482 2195 527 2265 ab
556 2197 677 2268 atonia
704 2198 869 2268 oriuntur
898 2196 937 2267 in
970 2196 1153 2293 superficie

123 2320 281 2414 corporis
305 2329 344 2389 et
368 2321 533 2392 extremis
558 2345 738 2404 vesorum,
764 2343 859 2416 quae
876 2319 1000 2391 atonia
1023 2303 1154 2391 emus·

123 2443 304 2516 cularibus
321 2441 421 2514 fibris
439 2467 559 2512 earum
579 2446 734 2538 partium
754 2445 800 2516 ud
815 2444 922 2516 fibras
941 2444 1154 2521 musculum

122 2567 317 2641 ventriculi
335 2565 548 2639 traducitur.
595 2568 660 2638 Est
677 2567 786 2662 igitur
802 2569 926 2671 atonie
944 2569 984 2639 in
1003 2567 1155 2660 corporis

123 2693 315 2789 superficie
324 2702 350 2763 'e
361 2692 561 2793 praecipuis
577 2690 858 2784 conditionibus,
875 2689 1024 2787 quaein
1037 2710 1155 2773 ceusu

121 2819 283 2914 proxima
309 2814 465 2886 febrium
488 2815 697 2909 explicanda
724 2816 882 2887 debeant
906 2814 1048 2887 attendi
1072 2816 1154 2908 pen·

123 2941 259 3035 detque
276 2940 369 3010 haec
385 2941 507 3012 etonia
524 2964 568 3012 ex
581 2941 746 3033 energeie
762 2940 900 3010 cerebri
914 2939 1047 3013 fracta:
1060 2936 1157 3010 unde

123 3065 291 3136 delirium
314 3063 482 3160 frequens
505 3063 595 3136 udeo
620 3075 677 3134 est
698 3076 894 3158 symptoma
915 3061 1085 3143 febrium.

172 3189 281 3260 Brevi
299 3187 373 3258 huc
392 3186 487 3259 redit
506 3188 646 3261 theoria
663 3186 818 3259 febrium
829 3187 1049 3259 Culleniene.
1096 3186 1156 3258 Fe·

122 3305 241 3385 brium
258 3337 403 3384 caussae
411 3323 570 3384 remotae
585 3323 669 3383 sunt
682 3311 865 3406 potentiae
878 3309 1055 3392 sedentes,
1066 3331 1156 3406 quac

122 3439 287 3509 admotae
317 3439 440 3530 generi
466 3458 659 3508 nervorum
686 3435 855 3506 minuunt
885 3432 1028 3519 cerebri
1055 3455 1155 3505 ener-

80 3582 83 3587 ·
123 3565 254 3656 geiste,
279 3560 471 3633 debilitant
496 3571 643 3630 cunctus
673 3559 877 3631 functiones
901 3570 943 3630 et·
971 3558 1154 3654 speciatim

121 3687 302 3756 actionem
311 3707 476 3755 vesorum
488 3683 714 3754 minimorum
724 3682 762 3753 in
773 3683 933 3783 corperis
943 3681 1152 3780 peripheria.

120 3809 175 3880 Ea
202 3832 289 3879 vero
318 3818 373 3878 est
391 3807 552 3879 animalis
579 3808 807 3879 oeconomiae
834 3817 981 3890 nature,
1015 3819 1058 3879 ut
1083 3809 1153 3901 ipsa

73 3988 78 3993 .
121 3931 214 4002 hacc
243 3930 412 4002 debilites
444 3929 511 4000 fiat
537 3930 701 4003 stimulus
732 3931 930 4003 indirectus
961 3926 1153 4026 systematis

122 4054 336 4148 sanguiieri:
373 4053 528 4150 quippe,
563 4054 828 4131 interveniente
863 4054 1005 4150 frigoris
1043 4050 1149 4126 stadie
