2566 5040
115 384 175 449 238
407 384 567 443 FRED.
607 383 858 443 WINTER.

112 559 363 654 experimentis
382 579 486 640 usus,
513 583 596 631 eum
607 558 814 652 praesertim
829 558 867 628 in
886 557 1015 640 finem,
1040 570 1085 633 ut
1103 581 1159 632 ars
1182 642 1190 662 .

53 676 57 692 ’
114 687 287 756 teriarnm
318 694 355 753 et
383 706 554 753 venarum
587 684 661 754 rim
692 683 910 755 irritabilem·
934 678 1089 781 ejusque
1116 687 1160 755 in

116 809 210 880 vasis
235 829 425 880 ,excessum
457 820 495 878 et
525 807 610 877 inde
638 807 826 877 oriundam
853 809 1038 901 sanguinis
1063 808 1154 880 dire·

116 934 272 1003 ctionem
298 932 502 1009 abnormem
520 931 834 1023 interpretaretur,
861 922 1058 1027 ex'quihus
1078 931 1157 1002 effi.

115 1081 199 1127 cere
229 1068 378 1132 conatus
407 1067 479 1138 est,
513 1078 616 1137 vasa,
641 1079 734 1150 quae
762 1057 969 1149 sanguinem
996 1056 1156 1139 vehunt,

44 1169 46 1174 ’
117 1180 279 1279 gaudere¹
295 1160 332 1249 ri
359 1181 476 1252 activa
505 1161 693 1261 imitabili,¹
715 1203 786 1274 qua
814 1203 851 1251 se
880 1181 1094 1252 contrahere
1120 1191 1156 1252 et

104 1315 287 1376 contenta
304 1328 513 1398 promovere
540 1303 680 1374 valent:
707 1305 868 1397 accipere
894 1304 1006 1396 igitur
1030 1303 1154 1375 humo·
1197 1360 1199 1364 .

117 1454 174 1500 res
195 1429 407 1499 circulantes
427 1450 555 1498 novam
575 1427 768 1497 celeritatis
785 1428 876 1508 vim,
896 1440 1039 1522 praeter
1058 1451 1150 1509 cum,

115 1553 229 1650 quarn'
246 1577 266 1622 a
284 1552 389 1621 corde
412 1550 566 1631 habent,
579 1647 580 1652 ἵ
591 1574 633 1619 ac
653 1560 735 1643 post
755 1560 809 1620 tot
825 1550 1083 1645 impedimenta
1102 1576 1154 1622 su·

116 1689 242 1772 perata
267 1675 432 1774 sanguini
460 1676 634 1770 insignem
663 1674 885 1745 celeritatem
915 1675 1036 1746 adhuc
1073 1699 1154 1745 eon·

118 1802 272 1881 serrari,
298 1802 368 1868 imo
390 1801 429 1868 in
451 1799 544 1869 vasis
568 1799 722 1869 minimis
748 1823 812 1892 per
836 1799 930 1868 hano
965 1800 1154 1892 praecipue

118 1929 193 1998 rim
218 1927 407 1995 humorum
430 1934 547 1993 motus
575 1924 717 2016 peragi:
742 1923 829 1994 hinc
847 1924 948 2016 nasci
967 1937 1088 2008 motus
1107 1923 1156 1994 le·

117 2053 227 2123 hriles
244 2062 281 2120 et
292 2049 546 2142 congestiones
571 2059 610 2118 et
626 2048 926 2142 haemorrhagias·
944 2060 982 2118 et
1008 2048 1156 2119 molimi·

118 2199 167 2245 na
195 2172 322 2244 critica
349 2163 542 2265 omnesque
572 2173 780 2245 directionis
811 2173 1002 2243 humorum
1030 2173 1157 2244 abacta

120 2300 188 2368 mis
207 2295 349 2369 turbas:
374 2318 463 2388 quas
486 2295 595 2370 etiarn
615 2296 784 2389 pulsuum
806 2295 1086 2390 inaequalitates
1107 2299 1157 2367 in·

120 2421 262 2502 dicant,
287 2442 440 2512 quorum
456 2419 611 2493 mutatio
634 2443 889 2512 saepenumero
908 2443 956 2491 ex
972 2418 1158 2514 irregulari

60 2530 63 2538 ’
120 2546 262 2630 actione
281 2566 483 2619 nervorum¹
500 2543 539 2623 in
557 2542 705 2615 arterias
728 2547 885 2639 pendere
908 2544 1066 2617 ridetur.
1149 2615 1152 2624 ,

167 2671 273 2743 Hisce
301 2668 460 2741 breviter
492 2668 683 2761 expositis,
708 2671 863 2764 intelligi
888 2695 910 2742 a
932 2670 1037 2741 vobis
1060 2682 1162 2764 pote·

64 2799 66 2804 ⁴
120 2795 190 2876 rit,
223 2790 402 2888 quomodo
425 2817 518 2863 nora
545 2794 711 2866 Hermu
728 2795 904 2868 doctrina
929 2796 976 2867 de
1004 2797 1162 2888 partium

121 2917 367 2988 irritabilitate
395 2927 433 2987 et
471 2941 598 3001 sensu,
633 2943 715 2990 curn
744 2921 946 3002 numerosis
982 2920 1162 2989 niteretur

122 3053 302 3135 cauteque
330 3038 434 3111 factis
457 3054 496 3112 et
513 3044 677 3136 repetitis
699 3045 885 3139 periculis,
913 3043 1163 3139 opportunita-

24 3150 27 3154 Δ
122 3178 196 3237 tem
219 3166 426 3259 praebuerit
457 3165 633 3237 theoriam
660 3171 906 3241 Harraeanam
934 3161 981 3243 de
1013 3169 1165 3240 circula·

121 3293 221 3362 tione
240 3288 455 3361 emendandi
473 3315 516 3361 ac
535 3267 644 3383 magis
666 3318 782 3388 usque
802 3293 1025 3388 perficiendi.
1079 3293 1165 3367 Nam

64 3424 73 3443 “
103 3407 167 3483 ἰιι
193 3415 307 3509 primo
337 3439 398 3487 cor
421 3414 623 3487 habebatur
656 3419 803 3489 unicum
833 3420 952 3489 motus
981 3416 1165 3510 sanguinis

124 3537 422 3639 instrumentum,
456 3541 658 3611 mechanici
686 3551 725 3611 et
758 3542 1005 3612 mathematici
1047 3541 1168 3612 cordis
1197 3520 1201 3529 ¹

123 3663 220 3731 vires
244 3676 451 3756 computare
479 3665 656 3759 certisque
679 3668 837 3746 numeris
857 3666 1054 3760 exprimere
1075 3676 1169 3735 sata·

124 3798 264 3876 gerunt
313 3787 382 3858 Isti
403 3789 531 3858 calculi
552 3812 633 3857 curn
653 3789 783 3858 mirum
805 3790 844 3859 in
861 3789 1008 3858 modum
1029 3789 1170 3859 discre-

123 3922 252 4001 parent
279 3935 432 4006 cumque
461 3913 646 3995 riderent,
669 3936 743 3984 non
765 3910 870 3982 lacile
890 3924 990 3982 certo
1018 3912 1169 3982 definiri

125 4053 250 4123 posse,
283 4059 417 4132 neque,
432 4039 605 4133 intelligi,
642 4062 703 4110 cor
730 4036 894 4110 omnibu·
926 4036 966 4106 in
998 4036 1172 4114 universo
