2566 5040
339 411 460 471 nonar
481 408 683 468 uerneuru
702 409 811 472 aevo
829 411 965 472 Mauro.
1117 390 1173 471 tls

130 588 299 684 superior
326 587 483 682 dumque
511 586 637 679 vulgus
660 587 712 663 ad
739 589 897 659 remedia
925 589 1171 684 superstitiosa

127 714 351 794 devenerat,
376 710 508 780 medioi
529 710 685 803 vulgo
651 736 710 779 vix
728 712 976 823 prudentiores
993 715 1172 785 medicina

123 837 268 932 partini
280 830 475 914 huntorali,
489 834 619 928 partim
630 830 803 916 Arabica,
820 835 976 928 pretiosa
990 835 1168 918 moritum,

125 961 201 1032 sed
223 959 357 1031 frustra
384 957 508 1049 fugare
537 948 768 1028 conabantur

162 1085 268 1156 Non
259 1095 310 1154 rta
324 1083 389 1152 diu
401 1093 524 1175 posta.
537 1078 630 1156 1374
645 1081 822 1152 saeviitin
835 1079 1025 1154 Germania
1040 1096 1078 1153 et
1093 1084 1171 1154 Bel·

123 1208 194 1300 gio
206 1208 241 1277 S.
252 1205 273 1276 J
275 1204 333 1275 oh.
347 1203 499 1286 Choren,
511 1203 673 1276 neurosis
684 1203 866 1275 saltatoria
876 1207 1086 1299 epidemiea,
1099 1233 1172 1300 qna

123 1330 236 1426 aegri
256 1327 515 1400 Rauobantium
533 1340 696 1399 veteram
711 1351 808 1398 more
828 1341 1008 1430 tamquam
1024 1333 1171 1402 nurnine

119 1454 296 1549 quodem
304 1450 1177 1546 abreptiinsaniraatlurereomninoridebantur,

117 1576 295 1651 Chorene
319 1574 493 1670 agebant,
524 1575 629 1645 boras
656 1575 812 1668 integras
838 1576 1032 1659 saltabant,
1058 1577 1177 1647 donee

111 1699 220 1774 lesui
243 1699 389 1772 audem
413 1708 452 1769 et
476 1697 641 1770 exhausti
665 1701 1177 1794 procumberentsummeqne

116 1825 255 1906 anitii,
280 1822 441 1892 anhelari
461 1831 499 1892 et
520 1823 623 1919 quasi
642 1822 811 1895 suffocati
829 1847 902 1893 non
923 1827 1023 1918 prius
1050 1824 1177 1894 rofino·-

116 1961 284 2029 mtur,
309 1958 418 2041 quam
448 1958 573 2016 ventre
602 1946 762 2017 vestibus
790 1946 918 2039 ligatu,
953 1961 1017 2018 aut
1047 1948 1179 2041 pugnis

114 2071 366 2166 pedibusque
397 2061 601 2165 pereussa,
616 2080 763 2163 propter
791 2069 1077 2164 tympunitierun,
1103 2097 1180 2165 qno

118 2194 361 2277 intumebat,
387 2206 572 2265 tumorem.
599 2250 602 2255 .

186 2315 252 2390 An
276 2317 439 2387 muratis
468 2315 624 2400 eerebri,
648 2341 695 2387 an
715 2317 915 2413 systematis
938 2320 1183 2413 generationis

115 2439 178 2513 in
209 2440 399 2512 cerebrum
424 2452 463 2511 et
481 2460 611 2545 nervos
643 2442 795 2536 spinales
823 2452 991 2537 rsagans,
1026 2468 1073 2513 an
1094 2445 1182 2514 ebo-
1255 2464 1258 2471 ’

120 2588 224 2670 reae
246 2565 296 2636 8¹.
317 2567 394 2637 Viti
414 2565 619 2658 sporadiosa
648 2567 781 2645 affinis,
807 2576 853 2636 a'n
871 2562 1007 2660 dispar,
1032 2569 1073 2637 in
1093 2593 1185 2638 oon*

121 2688 352 2763 navarriam
381 2690 503 2760 vocari
535 2702 664 2784 posset.
724 2690 911 2784 Quidquid
941 2693 1003 2771 sit,
1038 2693 1076 2761 i'n
1108 2692 1185 2761 bas

75 2841 77 2847 ·
125 2811 320 2908 epidauria
344 2813 561 2885 eretbismus
586 2816 779 2886 nervbrum
808 2814 879 2884 hoo
907 2838 996 2885 aevo
1023 2816 1179 2907 vulgaris

137 2939 326 3018 cernitur,
361 2948 542 3032 tamquam
577 2940 673 3012 ritae
705 2939 844 3033 generis
873 2939 1031 3010 humani.
1050 2963 1181 3012 novam

135 3058 309 3133 iiidieane
324 3061 520 3155 periodum.
633 3094 636 3099 ’
722 3098 726 3105 ·
833 3072 836 3078 “

371 3307 897 3381 ‚quaeserouas
957 3381 959 3384 Α
1063 3347 1065 3352 ·

163 3532 207 3607 ...l
244 3537 428 3630 Quaenam
459 3541 600 3621 mortis
596 3543 741 3636 nigrae
775 3554 986 3637 compasta
1016 3540 1181 3613 orientali

175 3663 417 3756 ‚nognatin
469 3722 547 3729 ..
636 3693 753 3737 -ἰ

147 3774 208 3863 [Ι.
244 3786 367 3878 Qualis
401 3790 598 3884 peculiaris
614 3760 808 3879 ebaraeter
846 3736 1047 3888 epideniiae
1081 3791 1185 3866 salta·

221 3912 382 3983 toriae?
664 3940 667 3945 ·
925 3964 928 3969 -
1137 3964 1143 3970 »

508 4112 512 4117 -
594 4084 634 4125 l'·
663 4086 726 4123 2....':
