2550 5040
149 138 153 145 ’
365 70 494 175 GUL.
543 110 860 205 flenter..
938 200 943 209 Ι

500 300 504 313 ⁴
549 271 631 334 1619.

35 598 46 619 =
92 559 217 653 Quot
239 566 444 653 quantaque
463 555 684 624 incrementa
704 575 767 644 per
786 563 905 645 aptam
924 549 1111 642 experiun-

25 678 88 750 di
134 680 349 773 methodum
377 678 533 773 indeque
551 679 703 772 petitam
720 676 914 770 legitimam
936 674 1114 744 inductio-

30 826 157 877 nem
177 800 304 900 cepere
330 804 420 872 hoec
448 814 569 872 nostre
592 801 741 872 scientie
760 801 893 893 possit,
918 794 1115 893 periliustri

39 931 235 1024 exemplo
267 925 391 997 docuit
419 926 553 1013 Bicorr
574 924 726 996 coaevus
748 925 943 994 Hmvmos
961 921 1115 1015 'Angliee

42 1045 208 1134 decue,
233 1050 476 1122 circulationis
502 1049 682 1142 sanguinis
698 1049 889 1140 interpres.

60 1214 66 1221 ·
109 1174 208 1249 Get„
235 1179 387 1246 Haeret
411 1173 566 1266 Anglue,
590 1198 656 1268 per
681 1171 959 1268 quadriennium
984 1148 1114 1242 Faetu-

54 1313 120 1372 ,οΠ
150 1299 496 1382 rodenmannum
511 1297 725 1390 discipulus,
746 1297 792 1365 ab
802 1304 895 1365 a'nno
910 1296 995 1366 inde
1009 1293 1112 1366 1602.

54 1414 102 1487 in
132 1423 249 1494 cordis
273 1433 409 1491 motum
430 1446 471 1490 ac
494 1422 777 1492 mechanismum
796 1421 967 1516 adcurate
995 1419 1114 1515 inqui·

60 1560 175 1628 rere,
198 1546 378 1617 actionem
407 1545 523 1616 cordis
547 1545 752 1626 observare,
778 1558 922 1626 notare,
947 1543 1111 1640 quotidie

62 1664 112 1735 ad
139 1670 230 1740 hanc
243 1691 320 1739 rem
337 1670 489 1750 reverti,
516 1670 758 1763 experimenta
773 1670 898 1739 novies
918 1681 956 1739 et
975 1669 1113 1738 centies

60 1804 256 1884 repetere,
280 1816 374 1865 nova
395 1794 615 1886 excogitare,
641 1793 829 1862 observata
858 1803 896 1862 et
923 1792 1001 1862 visa
1029 1815 1113 1860 con-

63 1906 172 2001 ferre
201 1942 243 1988 ac
268 1930 349 2010 post
378 1917 633 2011 septemdecim
656 1938 830 1987 annorum
855 1914 995 1984 labores
1022 1900 1134 1985 Lou··
1169 1910 1182 2005 J

63 2028 157 2113 dini
173 2043 312 2137 colleg-ii
324 2042 546 2112 medicorum
567 2053 748 2112 anatomes
761 2052 799 2110 et
820 2039 1022 2132 chirurgiae
1034 2061 1116 2131 pro·

60 2148 187 2257 fssseor'
206 2167 349 2261 publice
381 2165 656 2246 circulationem¹
670 2166 852 2259 sanguinis
871 2162 1115 2233 demonstrare

61 2289 215 2383 coepit,
241 2299 349 2382 atque
368 2289 511 2361 demum
530 2302 610 2383 post
629 2291 716 2360 alios
734 2312 863 2360 novem
882 2310 1010 2365 annos,
1036 2285 1116 2379 qui·

57 2390 147 2481 bue
162 2412 231 2484 hoo
249 2412 437 2484 inventurn
455 2439 559 2485 suum
581 2415 810 2494 examinavit,
835 2411 1009 2491 firmavit,
1034 2432 1116 2502 per-

54 2513 188 2616 feeit,
227 2535 318 2606 illud
352 2539 552 2630 conscripta
587 2541 728 2632 egregia
761 2538 823 2608 illc
859 2535 1116 2605 exercitatione

53 2659 299 2729 anauniae:
320 2659 366 2730 de
388 2672 489 2763 motu
513 2663 629 2732 cordis
644 2675 682 2732 et
698 2660 879 2755 sauguinis
902 2659 940 2726 in
958 2656 1118 2728 animali·

54 2756 168 2861 hue,
195 2782 332 2875 publici
346 2783 444 2877 jurio.
463 2785 582 2856 facere
603 2810 710 2856 ausus
728 2799 793 2856 eet.
841 2785 933 2861 Rara
953 2781 1116 2876 profecto

58 2900 112 3017 ft
151 2905 310 2977 miranda
336 2909 446 2978 animi
471 2910 688 2990 moderatio,
713 2933 781 2980 nec
812 2909 930 2976 minus
956 2903 1118 2974 mirande

55 3024 274 3142 {fluentorie
304 3032 484 3125 sagaciter.
535 3031 632 3124 Quas
664 3046 706 3102 ut
742 3036 983 3126 cognoscatis,
1020 3035 1117 3129 agite

58 3148 198 3224 ¹B⁸um
210 3153 396 3225 audiemus
409 3157 548 3227 inventi
567 3158 751 3227 historiam
765 3159 1000 3227 narrantern.”
1027 3157 1118 3229 Cum

62 3269 220 3360 nutris,
244 3278 386 3377 iuquit,
412 3280 575 3375 vivorum
595 3282 872 3354 distentionibus
894 3284 1052 3355 animum
1072 3283 1119 3352 ed
