2566 5040
407 366 859 481 rrarcansua·
1089 376 1145 439 rm

100 561 169 632 bns
188 557 346 652 placuit,
374 560 552 628 contraria
569 559 755 631 contrariis
773 541 967 628 curanturz'
988 575 1062 624 nou
1081 550 1146 622 iri-

99 706 165 779 gas
193 685 328 771 calore,
362 707 434 752 uon
466 685 562 754 calor
586 683 717 777 irigare
732 684 831 753 asad
858 681 996 776 opccics
1026 674 1146 748 morbi

97 785 248 878 curatur
264 776 336 900 'per
355 831 545 900 congruam
565 806 895 901 speciemremcdii.
944 804 1145 881 Sanitatem
1171 814 1175 819 '

96 931 265 1012 morbus,
291 930 452 1001 morbum
470 929 780 1002 sanitasvicissim
802 930 970 1022 expellit:
996 924 1145 998 sanitati

96 1078 186 1128 voro
207 1055 398 1125 auxiliatur
419 1055 579 1126 medicus
602 1066 640 1123 et
657 1053 721 1123 ubi
740 1052 800 1122 illa
820 1050 945 1132 delicit
964 1061 1042 1122 arta
1057 1072 1143 1132 sua,
1168 1038 1171 1046 ¹

96 1180 238 1251 ib'rsua
262 1177 412 1248 scientia
435 1190 474 1249 ct
496 1189 572 1248 arte
603 1177 766 1248 medicus
793 1186 905 1246 sanat
954 1175 1019 1244 Est
1045 1173 1144 1244 enim
1243 1218 1245 1225 »

96 1304 312 1397 incorpore
335 1301 494 1391 medicus
525 1278 688 1372 internus
707 1300 961 1394 ctapotlroca,
992 1296 1144 1369 archoos

98 1427 381 1520 ot'alchymista:
409 1424 469 1494 lric
489 1435 685 1520 postquam·
700 1449 808 1520 opera
827 1448 893 1495 suo
905 1422 1142 1517 perfunctus,

96 1551 223 1622 morbo
245 1549 548 1642 mederi-nequit,
567 1549 818 1642 opus'medici
836 1527 982 1642 incipit.
1001 1548 1004 1553 ’

120 1659 278 1770 “Itaque
304 1672 483 1767 alchymia
513 1694 587 1742 non
613 1684 671 1743 cst
693 1696 758 1744 ars.
774 1674 918 1745 metalla
935 1672 981 1742 in
1013 1690 1141 1741 aurum

96 1799 281 1878 mutandi,
300 1795 362 1867 scd
386 1819 429 1866 ex
447 1795 600 1866 metallis
609 1798 770 1890 -parandi
794 1816 923 1893 aroana
949 1819 1066 1891 eaque
1092 1793 1140 1865 ad
1221 1838 1224 1845 -

98 1923 241 1994 morbos
261 1918 680 2000 curandos-adhibendiz·
694 1922 734 1991 in
753 1923 892 1995 arcanis
919 1944 1006 1991 vero
1028 1920 1142 1990 medi-

99 2049 202 2119 cinae
230 2045 502 2117 fundamentum
519 2045 618 2115 etin
635 2045 811 2140 alchymia
832 2047 909 2140 ipsa
928 2066 1142 2140 praeparan-

99 2186 148 2243 te.
197 2168 340 2241 Idcirco
359 2191 380 2237 a
398 2168 604 2263 morborum
626 2171 811 2241 curatione
832 2173 971 2265 potina,
996 2193 1140 2265 quama

99 2317 304 2366 caussarum
322 2293 452 2364 notitia
470 2293 947 2390 medicinam'auspicemur:
973 2296 1060 2390 quia·
1077 2318 1140 2366 cu·

96 2420 190 2489 ratio
206 2419 300 2511 ipsas
317 2418 522 2488 morborum
539 2442 678 2497 caussas
694 2422 807 2512 veluti
825 2421 939 2514 digito
958 2404 1140 2490 comnibu-

96 2553 195 2612 atrat.
254 2540 424 2612 Medicus
440 2555 570 2611 ¹autam
599 2543 861 2614 medicamenta
889 2544 1139 2617 administrans

96 2664 305 2735 universum
322 2663 508 2736 ‘mundum
536 2665 778 2749 administrat,
810 2668 850 2737 id
877 2678 933 2737 est
953 2669 1139 2739 universas

96 2791 249 2863 virtutes
271 2788 435 2883 viresque
461 2791 553 2861 coeli
576 2816 618 2862 ac
642 2773 769 2863 terrae.

142 2911 267 3007 Atque
287 2890 377 2982 hacc
399 2916 590 3009 praecipua
610 2928 693 2986 sunt
717 2917 903 2989 doctrinae
932 2917 1138 2990 Panaenum

96 3038 245 3134 placita:
270 3036 403 3131 quibua
429 3041 601 3110 nonnulla
625 3040 830 3134 adjicienda
857 3039 904 3112 de
925 3041 1060 3113 m'orbis
1083 3042 1138 3114 le·

96 3154 282 3234 minarum.
369 3151 398 3200 ’-

104 3369 106 3372 ,
139 3286 393 3370 Aliiscilicet,
420 3313 464 3359 eo
480 3299 645 3371 auctore,
671 3301 756 3362 aunt
771 3291 887 3362 morbi
903 3273 1134 3373 feminarum,
1178 3377 1183 3383 ν

96 3410 155 3481 olii
186 3411 353 3485 virorum.
382 3414 452 3487 ·Ut
481 3414 587 3485 homo
616 3416 888 3496 microcosmus,
925 3416 978 3486 sic
1002 3416 1138 3488 matrix

96 3536 249 3605 mundus
264 3538 446 3618 minimus,
468 3538 744 3610 homuncionem
764 3541 962 3611 continens.
993 3541 1136 3639 Matrix,
1234 3599 1235 3603 ,

96 3660 168 3730 sire
184 3671 310 3732 uterus
323 3661 423 3729 radix
442 3659 596 3732 laminae
616 3664 875 3734 ct-morborum
886 3664 1135 3735 muliebrium:

96 3785 235 3876 sanguis
258 3796 461 3855 menstruus
479 3808 574 3866 non,
600 3787 699 3882 quod
713 3786 904 3859 ¹veteribus
923 3789 1040 3860 risum
1061 3800 1136 3871 eat,

96 3908 154 3980 ori
179 3910 432 4002 primordium,
457 3910 520 3982 sod
539 3909 695 3984 laminae
728 3925 1004 3988 excrementum.
1053 3913 1139 4012 Cui·
