2566 5040
373 377 499 455 nou.
549 381 815 458 anatur.
1060 399 1112 463 rsa

66 570 306 666 aequabiliter
324 572 531 663 sanguinem
549 571 587 641 in
603 571 885 665 unumquodque
908 575 1107 647 membrum
1124 644 1127 648 .

65 698 175 790 pulsu
195 695 404 766 arteriarum
416 695 576 786 'impelli3
596 696 703 765 tertio
719 694 940 769 ostendendo
958 698 1004 767 ab
1019 724 1107 769 uno·

44 837 214 912 ·qu0que
239 817 398 888 membro
424 818 517 910 ipsas
543 840 652 887 venas
680 819 776 916 hunc
803 822 1010 913 sanguinem
1026 811 1106 917 per·
1136 860 1139 866 ·

66 954 183 1036 petuo
198 942 372 1013 reducere
397 939 582 1011 adeundis
601 940 730 1011 locum.

117 1068 279 1138 Primum
305 1075 521 1138 monstratur
554 1064 691 1135 calculo
717 1063 1018 1158 initosanguihis
1043 1092 1104 1154 cor

69 1188 167 1261 intra
195 1189 421 1276 semihoram.
437 1187 756 1281 praeterlabentis:
794 1186 1106 1284 observatione—iu

67 1313 261 1386 mactando
283 1311 375 1382 bove
397 1312 491 1381 intra
514 1311 624 1382 horae
645 1311 880 1404 quadrantem
898 1322 1008 1381 totam
1025 1337 1106 1385 san·
1137 1390 1146 1404 „

65 1436 186 1528 guinis
207 1457 357 1504 massam
384 1458 427 1503 ex
450 1434 591 1529 arteriis
617 1433 836 1506 carotidihus
861 1424 1042 1506 exhauriri
1068 1447 1107 1508 et

64 1568 111 1629 e'x
132 1556 402 1650 haemorrhagia
423 1559 556 1650 pariter
581 1581 665 1628 vasa
685 1557 816 1644 inaniri
837 1583 950 1652 posse.
1070 1588 1072 1593 ·

115 1682 282 1755 Alterum
307 1681 498 1774 probatur,
524 1680 621 1775 quod
648 1705 721 1752 una
743 1706 808 1776 per
826 1682 1105 1775 phlebotomiam

61 1818 190 1898 aperte
208 1805 302 1876 cutis
320 1828 412 1875 vena
429 1805 488 1876 rel
505 1804 544 1873 in
557 1804 727 1884 brachio,
752 1809 807 1876 vel
829 1807 868 1874 in
890 1807 959 1876 alio
979 1831 1103 1900 corpo·

61 1931 117 2000 ris
132 1929 211 2011 loco
229 1929 353 2020 ingens
371 1939 558 2020 etmagno
576 1929 722 2030 impetu<
738 1939 775 1997 et
794 1928 898 2000 brevi
922 1930 1103 2024 sanguinis
1180 1924 1181 1928 ¹

60 2053 149 2125 fieri
164 2052 276 2146 possit
292 2053 444 2144 jactura.
494 2051 590 2122 Illud
612 2061 775 2129 autema
795 2045 1013 2142 eosdemse,
1039 2055 1103 2139 dp·

59 2189 136 2269 eet.
158 2175 422 2269 superveniens,
442 2172 674 2268 leipothymia
700 2197 835 2273 perque
871 2199 951 2246 eam
978 2176 1102 2249 sedala
1203 2167 1206 2172 ’

58 2298 344 2390 haemorrhagia.
634 2280 640 2296 ’

57 2456 92 2496 ·=
115 2424 276 2496 Tertium
295 2421 496 2493 ostenditur
518 2434 554 2494 et
576 2424 795 2494 valvularurn
815 2423 854 2492 in
873 2425 973 2495 venis
995 2424 1102 2496 labri·

57 2573 109 2626 ea
130 2546 350 2640 alligaturis
379 2545 527 2626 brachio
554 2548 709 2640 injectis.
759 2525 966 2640 Ex'quibus
989 2544 1103 2637 omnia

39 2676 134 2746 ,bus
154 2672 328 2741 efficitur':
363 2669 528 2741 circulari
552 2681 653 2748 motu
676 2670 804 2762 agitari
819 2670 864 2753 ,in
887 2672 1100 2749 animalibus

55 2796 275 2888 sauguinem
298 2806 344 2866 etv
360 2818 437 2865 esse
461 2795 690 2888 inperpetuo
712 2802 812 2864 motu
838 2802 881 2861 et·
905 2795 999 2865 hanc
1023 2820 1099 2868 esse
1184 2778 1188 2786 Ι

55 2919 241 2992 actionem
263 2917 397 2998 cordis,
420 2943 462 2988 ex
487 2940 558 3012 qua
576 2928 615 2988 et
636 2916 711 2990 vita
729 2915 865 3012 pendet
888 2928 925 2996 et
949 2918 1044 2988 oalo'r
1061 2931 1099 2992 et

59 3041 221 3135 eorporis
244 3042 407 3114 nutritio.
733 3119 737 3123 ,

81 3144 286 3262 :Denique
315 3166 570 3262 phoenomenis
601 3166 772 3267 morbosis
803 3167 993 3260 pulsuum,
1032 3169 1113 3239 ori-v

52 3293 172 3370 sium,
198 3292 348 3385 aliisque
370 3292 489 3362 thesin
508 3291 694 3362 adstruens
714 3292 1004 3386 inventionisque
1025 3315 1099 3362 ma·

55 3415 247 3512 gnitudine
282 3416 491 3508 perculsus,
529 3427 709 3510 tamquam
746 3428 864 3497 vates,
899 3422 1095 3493 exclamat:

54 3565 80 3611 a
93 3563 175 3613 cum
188 3536 516 3634 quot'problemata
532 3538 764 3610 determinari
780 3551 928 3632 possunt
941 3540 981 3610 in
1000 3541 1098 3611 omni

53 3672 160 3755 parte
187 3661 388 3733 medicinae
408 3686 451 3732 ex
468 3663 537 3733 hac
563 3662 647 3735 data
670 3662 846 3743 veritate,
871 3664 1007 3755 quanta
1028 3665 1097 3747 du-

52 3785 119 3858 bia
137 3786 248 3866 solvi,
272 3796 363 3879 quot
386 3786 536 3858 obscura
563 3786 776 3869 dilucidari,
810 3788 930 3858 animo
953 3811 1096 3861 mecum

52 3921 205 4002 reputo:
233 3933 395 4004 campum
422 3910 567 3984 bruenio
592 3911 905 4005 spatiosissimum,
930 3910 996 3981 ubi
1018 3912 1098 3984 lon·

51 4034 136 4127 gius
163 4057 371 4141 percurrere
401 4047 438 4107 et
465 4035 573 4108 latius
601 4035 790 4130 exspatiari
813 4033 903 4120 adeo
935 4059 1093 4130 possum,

876 4151 924 4212 1³·
