2566 5040
118 389 174 453 122
302 394 490 455 HISTORIA
508 395 727 454 Mnnlcttttn
743 393 982 458 ancnu'tmtt.

116 593 225 664 ropac
250 570 494 640 meridionalis
518 594 539 640 a
564 570 851 663 septentrionalis
882 568 1157 662 Europaegen·

116 693 432 776 tibusdiversitas,
451 719 602 790 quarum
617 696 699 764 illae
714 695 850 765 Latinis
865 694 1071 774 similiores,
1090 695 1162 766 hae

117 829 242 886 contra
258 818 377 912 stirpis
397 817 646 898 Germanicae,
665 818 806 913 proprio
823 842 865 888 ac
879 817 1054 912 peculiari
1074 817 1161 887 cha·

116 953 255 1011 raetere
273 943 312 1014 in
331 940 534 1038 litterarum
554 939 683 1023 etiam,
709 941 840 1011 artium
863 965 906 1011 ac
925 938 1162 1011 scientiarum

116 1063 218 1132 cultu
239 1064 409 1135 eminent.
454 1067 533 1140 Una
555 1064 727 1136 videlicet
745 1076 800 1135 est
824 1067 975 1136 traditio
998 1064 1043 1133 ab
1072 1064 1163 1135 orbe

115 1189 231 1256 veteri
250 1188 295 1257 ad
318 1211 471 1272 novum,
495 1212 604 1284 quam
622 1189 686 1282 qui
702 1188 986 1260 animadvertere
1010 1199 1075 1258 aut
1093 1212 1164 1260 no·

26 1293 28 1296 ⁵
115 1309 214 1391 lunt,
243 1323 542 1408 auraequeunt,
569 1329 714 1386 suorum
741 1315 851 1389 etiam
873 1324 1075 1408 temporum
1099 1336 1163 1406 ge·

114 1434 214 1504 nium
236 1435 463 1528 ignorabunt.
527 1468 530 1475 ¹

521 1733 747 1758 -u-mm—uu

225 1916 227 1921 ·
318 1925 479 1985 conarer
498 1925 719 1988 unmcnsan
738 1924 955 1986 consonus.

405 2079 442 2138 a,
464 2056 556 2154 roco,
579 2079 667 2139 troc·
689 2080 758 2157 post
777 2080 811 2137 c.
830 2055 868 2137 ri.

129 2316 133 2325 ¹
163 2318 209 2415 In
228 2326 314 2399 orb'c
333 2329 534 2402 Christiano
555 2331 624 2402 hac
647 2328 769 2401 aetate
785 2348 810 2398 a
826 2318 973 2400 Clerieis
990 2317 1087 2394 iacta
1106 2334 1161 2394 est

116 2438 176 2522 a'is‘
192 2435 362 2553 medendi
389 2454 499 2549 inque
522 2442 750 2526 monasteriis¹
771 2429 880 2524 culta.
927 2444 1104 2521 Nimirum
1119 2458 1163 2518 ut

114 2558 335 2651 Giaeco‘rur'n
362 2578 543 2669 medicina
562 2579 676 2672 primo
696 2604 751 2649 ars
773 2558 872 2647 sacra
895 2576 983 2655 tuit,
1009 2573 1063 2643 sic'
1086 2596 1161 2642 me·

113 2686 176 2775 ‹li'o
186 2715 301 2787 ‘aev0',
327 2714 420 2800 quae
437 2692 651 2797 populorum
669 2703 883 2778 Germaniae
906 2710 1004 2770 aetas
1024 2696 1141 2791 prima
1150 2722 1166 2779 ,·

171 2810 316 2926 Nouus
337 2826 380 2898 ob
399 2826 543 2924 integro
563 2829 736 2915 seclorum
755 2827 922 2898 nuscitur
942 2825 1042 2896 ordo.

124 2952 129 2960 ’
161 2942 242 3024 Hoc
268 2949 429 3046 teutp'o'ie
449 2936 579 3023 Clerici
606 2932 686 3024 oum
716 2952 914 3022 animorum
939 2954 1026 3020 cura·
1051 2938 1167 3018 etiam

115 3071 304 3173 ooiporu'm
332 3060 459 3146 'curam
487 3077 527 3146 i'n'
556 3100 593 3146 se
622 3084 867 3170 susceperunt.
926 3050 1013 3144 Erat
1039 3068 1163 3142 autem

114 3177 207 3289 lia'ec
235 3177 414 3271 medicina
451 3198 552 3270 saera
577 3186 764 3294 religiosa,
797 3199 1033 3278 miraculosa,
1067 3186 1165 3290 quae'

113 3298 307 3421 piec'iiius,
342 3324 671 3406 incantationibus,
715 3322 898 3393 miraculis
933 3310 1046 3392 fiebat
1083 3320 1161 3391 nia*

114 3437 191 3545 iis}
218 3470 329 3546 quarn
359 3445 502 3518 auxiliis
532 3448 766 3520 naturalibus.
816 3448 961 3516 Interea
984 3438 1165 3539 ¹tempor'is'

30 3600 32 3605 ’
113 3554 261 3673 pliysica
289 3572 485 3647 a'Clerioi's
516 3574 590 3644 n'o'n
617 3597 761 3668 prorsus
787 3572 952 3665 neglecta
981 3570 1063 3642 tuit.
1114 3562 1162 3640 Hi

117 3689 213 3771 enim
238 3680 409 3782 vetei'um,
436 3699 585 3771 Codices
615 3697 674 3767 vel
694 3697 923 3790 persolvere,
950 3691 1009 3768 vel
1029 3693 1161 3764 exseri·¹

115 3816 202 3896 bere
230 3826 404 3899 solebant.
453 3822 668 3894 Praesertim
692 3845 777 3892 vero
805 3819 1062 3891 monachorum
1086 3816 1160 3888 rit'u'

117 3940 284 4022 colebant
322 3948 483 4046 regimen
526 3945 782 4028 diaeteticum,
821 3946 924 4038 cujus
957 3943 1157 4014 medicinae

116 4075 336 4150 monasticae
359 4072 560 4172 exemplum
583 4082 721 4168 prostat
745 4072 783 4145 in
803 4068 1016 4144 Abbatissae
1041 4066 1194 4163 cujus·-
