2566 5040
70 493 78 507 .
167 401 225 467 2OE
467 407 654 469 sarientis
673 409 910 471 HAHNEMANN
970 423 975 431 ’

170 584 274 678 eujus
295 583 428 678 pariter
446 584 735 680 homoiopathiea
758 574 870 657 virtus
888 599 963 668 est,
988 591 1213 686 quaque-vis

170 721 230 779 tae
254 709 308 780 vis
332 706 568 802 aequabiliter
593 708 839 789 distribuitur,
864 702 1078 792 inscitatur,
1105 738 1212 784 revo-
1249 804 1253 813 Ι

119 894 121 898 ,
169 846 289 915 eatur,
312 833 410 927 quod
428 830 471 901 fit
490 853 554 924 per
581 834 794 926 positivum,
819 835 877 905 rel
894 826 1019 905 senua
1037 837 1210 937 sedatur,

168 956 266 1053 quod
283 956 325 1026 fit
341 965 410 1050 per'
422 955 628 1047 negativum
643 958 931 1052 Mesmerismum.
981 950 1104 1054 Hujus
1118 984 1210 1031 vero

62 1087 65 1092 '
166 1081 240 1151 loei
267 1102 339 1150 non
367 1092 423 1149 est
446 1101 488 1149 ea
508 1078 698 1149 methodus
723 1104 907 1173 perversa,
937 1086 1211 1177 qua.repetitis

169 1202 467 1296 validissimisque
506 1202 733 1278 frictionibus
774 1205 894 1276 cietur
936 1206 1211 1278 somnambutis·

168 1351 267 1439 mus,¹
292 1339 405 1398 status
432 1329 581 1398 maxime
608 1340 749 1421 praeter
778 1340 960 1410 naturam,
975 1353 1060 1402 :nee
1081 1355 1210 1403 carens

165 1452 338 1548 periculo.
376 1462 379 1467 '
1020 1512 1024 1519 .
1061 1510 1065 1517 .
1107 1499 1159 1523 .-.

216 1573 525 1669 Quemadmodum
550 1574 596 1646 ab
617 1575 723 1646 initio
745 1578 1011 1648 flammantius
1041 1576 1210 1670 phamas

79 1685 81 1693 ἲ
169 1703 335 1773 eeutieen
352 1699 530 1770 chronicis
552 1701 760 1792 praesertim
778 1700 910 1787 morbis
925 1707 1209 1792 apta.rerst‚,·:sio

169 1825 216 1897 de
245 1824 300 1905 his
324 1846 440 1916 nuper
469 1824 601 1893 fibram
626 1827 835 1918 conseripsit
862 1849 979 1918 eoque
1004 1826 1209 1897 doctrinam

171 1949 372 2043 complevit.
426 1948 514 2019 Nam
543 1969 624 2018 enm
655 1947 803 2019 vidisset
830 1950 986 2042 saepius.
999 1949 1209 2044 homoiopa*

170 2073 305 2144 theiam
317 2130 321 2136 .
334 2075 372 2143 in
391 2071 604 2143 >morborum
624 2070 882 2141 'chronieorum
897 2073 1093 2165 therapeie
1108 2073 1206 2144 defi-¹

171 2221 271 2278 nere,
303 2198 511 2268 meditando
538 2197 784 2298 reipeaus‘sam
803 2196 959 2279 detexit,
990 2198 1208 2292 positamin

170 2323 334 2413 neglecta
356 2323 536 2392 communi
560 2320 763 2389 morborum
785 2320 921 2412 origine
954 2332 994 2391 et
1017 2321 1138 2407 indole
1164 2349 1210 2392 ex

170 2444 324 2542 proprio
338 2447 517 2540 contagio,
538 2469 600 2516 seu
616 2444 811 2513 miasmate.
845 2445 954 2516 Posse
969 2447 1130 2532 nerojad·
1141 2449 1209 2516 tria

172 2570 322 2640 maxime
349 2593 479 2662 genera
501 2591 635 2640 summa
655 2567 721 2636 hos
745 2565 841 2658 ipsos
865 2568 1008 2648 referri,
1032 2570 1209 2638 existima·

172 2694 245 2765 rit:
270 2717 409 2786 psoram
440 2693 630 2770 videlieet,
656 2689 867 2784 syphilidem
890 2702 927 2761 et
947 2694 1114 2786 sycosin,
1136 2698 1210 2764 suis

174 2816 312 2908 singula
340 2818 490 2888 auxiliis:
506 2814 749 2909 persananda:
782 2837 851 2883 nee
877 2815 1208 2911 ›quodqneuuiem

174 2940 239 3009 sed
268 2928 448 3033 pluribus,
481 2964 545 3033 pro
568 2942 664 3012 varia
695 2951 732 3010 et
755 2939 851 3032 aegri
879 2940 1056 3010 et-morbi
1090 2943 1212 3011 condi·

171 3065 279 3137 tione.
1075 3143 1079 3153 ,

173 3220 178 3229 ·
236 3188 400 3283 Denique
436 3188 675 3259 remediorum
712 3189 889 3258 actionem
923 3191 1040 3282 quod
1058 3193 1215 3272 attinet,

173 3313 343 3408 quoniam
366 3316 457 3383 haee
482 3335 562 3381 raro
586 3326 658 3383 tam
684 3339 793 3408 persa
818 3316 943 3386 haberi
964 3315 1098 3408 possit,
1124 3316 1215 3407 quin

176 3449 262 3507 utut
287 3438 400 3516 levis,
426 3436 515 3506 inde¹
539 3439 675 3508 oriatur
703 3462 813 3522 nora,
831 3441 900 3509 eui
920 3439 1097 3511 levandae
1124 3437 1218 3507 siet

175 3561 246 3634 alia
263 3559 520 3640 adhibeantur,
532 3559 717 3633 'haeesua
739 3574 1219 3658 rursussymptomntapro·

176 3671 325 3764 voeant,
351 3685 432 3755 solo
446 3685 600 3756 odoratu
621 3681 711 3757 haee
731 3687 846 3758 sedari
869 3709 995 3780 posse,
1015 3687 1217 3781 praecipit<

93 3893 94 3896 Ἴ
175 3833 249 3902 qno
269 3819 356 3879 tune
375 3811 913 3903 praecipuentendnm-monet,
938 3836 1051 3906 quum
1064 3834 1146 3880 mos
1159 3836 1218 3882 reo

176 3931 307 4024 quirit,
339 3931 408 4002 alia
438 3934 665 4027 interponere
695 3925 872 4014 remedia,
907 3936 1040 4030 quibus
1064 3934 1222 4017 remedii

176 4055 312 4149 sumpti
324 4058 418 4129 aetio
435 4056 672 4133 frustraretur.
700 4057 851 4148 (Oaros.
871 4058 1092 4142 Kronlsh..1,
1120 4057 1222 4152 221).
