<?xml version="1.0" encoding="UTF-8"?>
<!DOCTYPE html PUBLIC "-//W3C//DTD XHTML 1.0 Transitional//EN"
    "http://www.w3.org/TR/xhtml1/DTD/xhtml1-transitional.dtd">
<html xmlns="http://www.w3.org/1999/xhtml" xml:lang="en" lang="en">
 <head>
  <title>
</title>
<meta http-equiv="Content-Type" content="text/html;charset=utf-8" />
  <meta name='ocr-system' content='tesseract 3.04.00' />
  <meta name='ocr-capabilities' content='ocr_page ocr_carea ocr_par ocr_line ocrx_word'/>
</head>
<body>
  <div class='ocr_page' id='page_1' title='image "./dehistoriamedic00hoevgoog_0165.png"; bbox 0 0 2566 5040; ppageno 0'>
   <div class='ocr_carea' id='block_1_1' title="bbox 112 157 841 226">
    <p class='ocr_par' dir='ltr' id='par_1_1' title="bbox 112 157 841 226">
     <span class='ocr_line' id='line_1_1' title="bbox 112 157 841 226; baseline -0.01 0"><span class='ocrx_word' id='word_1_1' title='bbox 112 157 167 226; x_wconf 73' lang='grc'><strong>’150</strong></span> <span class='ocrx_word' id='word_1_2' title='bbox 285 170 289 185; x_wconf 76' lang='lat'><strong><em>⁵</em></strong></span> <span class='ocrx_word' id='word_1_3' title='bbox 353 183 356 189; x_wconf 91' lang='lat'>·</span> <span class='ocrx_word' id='word_1_4' title='bbox 408 157 587 222; x_wconf 67' lang='lat' dir='ltr'>SECULUM</span> <span class='ocrx_word' id='word_1_5' title='bbox 603 158 695 224; x_wconf 59' lang='lat' dir='ltr'><strong>XVI}</strong></span> <span class='ocrx_word' id='word_1_6' title='bbox 718 160 841 220; x_wconf 68' lang='lat' dir='ltr'><strong>auras</strong></span> 
     </span>
    </p>
   </div>
   <div class='ocr_carea' id='block_1_2' title="bbox 10 335 1188 3887">
    <p class='ocr_par' dir='ltr' id='par_1_2' title="bbox 33 335 1188 2260">
     <span class='ocr_line' id='line_1_2' title="bbox 115 335 1188 447; baseline 0.001 -36"><span class='ocrx_word' id='word_1_7' title='bbox 115 339 225 411; x_wconf 87' lang='lat' dir='ltr'><strong>ctuali</strong></span> <span class='ocrx_word' id='word_1_8' title='bbox 249 338 397 431; x_wconf 88' lang='lat' dir='ltr'><strong>ipsaque</strong></span> <span class='ocrx_word' id='word_1_9' title='bbox 429 337 606 407; x_wconf 86' lang='lat' dir='ltr'><strong>medicina</strong></span> <span class='ocrx_word' id='word_1_10' title='bbox 624 335 718 405; x_wconf 89' lang='lat' dir='ltr'><strong>lacta</strong></span> <span class='ocrx_word' id='word_1_11' title='bbox 741 349 804 405; x_wconf 85' lang='lat' dir='ltr'><strong>est.</strong></span> <span class='ocrx_word' id='word_1_12' title='bbox 853 337 1017 411; x_wconf 87' lang='lat' dir='ltr'><strong>Haec&#39;et·</strong></span> <span class='ocrx_word' id='word_1_13' title='bbox 1034 343 1188 447; x_wconf 68' lang='lat' dir='ltr'><strong>medi-ji</strong></span> 
     </span>
     <span class='ocr_line' id='line_1_3' title="bbox 115 459 1188 557; baseline 0.002 -22"><span class='ocrx_word' id='word_1_14' title='bbox 115 466 165 536; x_wconf 88' lang='lat' dir='ltr'><strong>cis</strong></span> <span class='ocrx_word' id='word_1_15' title='bbox 185 459 404 557; x_wconf 89' lang='lat' dir='ltr'><strong>philosophis</strong></span> <span class='ocrx_word' id='word_1_16' title='bbox 422 471 459 529; x_wconf 90' lang='lat' dir='ltr'><strong>et</strong></span> <span class='ocrx_word' id='word_1_17' title='bbox 475 460 610 529; x_wconf 86' lang='lat' dir='ltr'><strong>criticis</strong></span> <span class='ocrx_word' id='word_1_18' title='bbox 630 460 778 530; x_wconf 84' lang='lat' dir='ltr'><strong>medicis</strong></span> <span class='ocrx_word' id='word_1_19' title='bbox 796 460 966 544; x_wconf 84' lang='lat' dir='ltr'><strong>debetur,</strong></span> <span class='ocrx_word' id='word_1_20' title='bbox 988 486 1057 535; x_wconf 77' lang='lat' dir='ltr'><strong>suo</strong></span> <span class='ocrx_word' id='word_1_21' title='bbox 1076 469 1147 537; x_wconf 87' lang='lat' dir='ltr'><strong>sin-</strong></span> <span class='ocrx_word' id='word_1_22' title='bbox 1161 512 1188 525; x_wconf 91' lang='lat'>-</span> 
     </span>
     <span class='ocr_line' id='line_1_4' title="bbox 114 584 1188 682; baseline 0.004 -27"><span class='ocrx_word' id='word_1_23' title='bbox 114 587 205 682; x_wconf 83' lang='lat' dir='ltr'><strong>gulis</strong></span> <span class='ocrx_word' id='word_1_24' title='bbox 240 585 345 654; x_wconf 88' lang='lat' dir='ltr'><strong>modo</strong></span> <span class='ocrx_word' id='word_1_25' title='bbox 373 606 461 651; x_wconf 51' lang='lat' dir='ltr'><strong>rem,</strong></span> <span class='ocrx_word' id='word_1_26' title='bbox 479 584 653 653; x_wconf 90' lang='lat' dir='ltr'><strong>medicam</strong></span> <span class='ocrx_word' id='word_1_27' title='bbox 685 585 938 654; x_wconf 50' lang='lat' dir='ltr'><strong>mutantibus&lt;</strong></span> <span class='ocrx_word' id='word_1_28' title='bbox 972 587 1188 659; x_wconf 72' lang='lat' dir='ltr'><strong>Nimirum:</strong></span> 
     </span>
     <span class='ocr_line' id='line_1_5' title="bbox 115 705 1188 784; baseline 0.005 -5"><span class='ocrx_word' id='word_1_29' title='bbox 115 715 208 779; x_wconf 89' lang='lat' dir='ltr'><strong>duae</strong></span> <span class='ocrx_word' id='word_1_30' title='bbox 243 706 310 775; x_wconf 87' lang='lat' dir='ltr'><strong>hac</strong></span> <span class='ocrx_word' id='word_1_31' title='bbox 342 719 460 776; x_wconf 88' lang='lat' dir='ltr'><strong>aetate</strong></span> <span class='ocrx_word' id='word_1_32' title='bbox 489 705 589 776; x_wconf 87' lang='lat' dir='ltr'><strong>luere</strong></span> <span class='ocrx_word' id='word_1_33' title='bbox 621 706 888 777; x_wconf 80' lang='lat' dir='ltr'><strong>reformatorum</strong></span> <span class='ocrx_word' id='word_1_34' title='bbox 924 709 1188 784; x_wconf 82' lang='lat' dir='ltr'><strong>medicorarn</strong></span> 
     </span>
     <span class='ocr_line' id='line_1_6' title="bbox 115 829 1188 923; baseline 0.002 -20"><span class='ocrx_word' id='word_1_35' title='bbox 115 833 287 903; x_wconf 78' lang='lat' dir='ltr'><strong>lumiliae:</strong></span> <span class='ocrx_word' id='word_1_36' title='bbox 315 830 424 898; x_wconf 87' lang='lat' dir='ltr'><strong>altera</strong></span> <span class='ocrx_word' id='word_1_37' title='bbox 451 829 796 923; x_wconf 88' lang='lat' dir='ltr'><strong>philosophantium,</strong></span> <span class='ocrx_word' id='word_1_38' title='bbox 829 829 1035 903; x_wconf 80' lang='lat' dir='ltr'><strong>criticorum</strong></span> <span class='ocrx_word' id='word_1_39' title='bbox 1057 836 1188 905; x_wconf 87' lang='lat' dir='ltr'><strong>alte-</strong></span> 
     </span>
     <span class='ocr_line' id='line_1_7' title="bbox 33 943 1187 1046; baseline 0.002 -19"><span class='ocrx_word' id='word_1_40' title='bbox 33 986 38 997; x_wconf 94' lang='lat'><em>·</em></span> <span class='ocrx_word' id='word_1_41' title='bbox 114 980 164 1028; x_wconf 72' lang='lat' dir='ltr'><strong>ra·</strong></span> <span class='ocrx_word' id='word_1_42' title='bbox 214 953 314 1024; x_wconf 93' lang='lat' dir='ltr'><strong>Prior</strong></span> <span class='ocrx_word' id='word_1_43' title='bbox 331 966 368 1022; x_wconf 89' lang='lat' dir='ltr'><strong>et</strong></span> <span class='ocrx_word' id='word_1_44' title='bbox 387 952 631 1023; x_wconf 71' lang='lat' dir='ltr'><strong>scholasticam</strong></span> <span class='ocrx_word' id='word_1_45' title='bbox 651 952 909 1046; x_wconf 88' lang='lat' dir='ltr'><strong>philosophiam</strong></span> <span class='ocrx_word' id='word_1_46' title='bbox 929 965 967 1022; x_wconf 93' lang='lat' dir='ltr'><strong>et</strong></span> <span class='ocrx_word' id='word_1_47' title='bbox 990 954 1082 1026; x_wconf 89' lang='lat' dir='ltr'><strong>huic</strong></span> <span class='ocrx_word' id='word_1_48' title='bbox 1098 943 1187 1028; x_wconf 34' lang='lat' dir='ltr'><strong>&#39;af-</strong></span> 
     </span>
     <span class='ocr_line' id='line_1_8' title="bbox 115 1077 1185 1178; baseline 0 -28"><span class='ocrx_word' id='word_1_49' title='bbox 115 1081 224 1150; x_wconf 85' lang='lat' dir='ltr'><strong>finem</strong></span> <span class='ocrx_word' id='word_1_50' title='bbox 256 1077 503 1147; x_wconf 87' lang='lat' dir='ltr'><strong>scholasticam</strong></span> <span class='ocrx_word' id='word_1_51' title='bbox 537 1078 750 1147; x_wconf 77' lang='lat' dir='ltr'><strong>medicinam</strong></span> <span class='ocrx_word' id='word_1_52' title='bbox 785 1078 993 1178; x_wconf 80' lang='lat' dir='ltr'><strong>subvertere</strong></span> <span class='ocrx_word' id='word_1_53' title='bbox 1030 1090 1185 1150; x_wconf 83' lang='lat' dir='ltr'><strong>tenta-</strong></span> 
     </span>
     <span class='ocr_line' id='line_1_9' title="bbox 115 1200 1187 1298; baseline 0.004 -28"><span class='ocrx_word' id='word_1_54' title='bbox 115 1203 185 1286; x_wconf 82' lang='lat' dir='ltr'><strong>vit;</strong></span> <span class='ocrx_word' id='word_1_55' title='bbox 211 1201 322 1269; x_wconf 87' lang='lat' dir='ltr'><strong>altera</strong></span> <span class='ocrx_word' id='word_1_56' title='bbox 338 1201 464 1269; x_wconf 88' lang='lat' dir='ltr'><strong>critica</strong></span> <span class='ocrx_word' id='word_1_57' title='bbox 485 1200 622 1269; x_wconf 88' lang='lat' dir='ltr'><strong>ratione</strong></span> <span class='ocrx_word' id='word_1_58' title='bbox 643 1214 803 1272; x_wconf 78' lang='lat' dir='ltr'><strong>veterum</strong></span> <span class='ocrx_word' id='word_1_59' title='bbox 823 1213 1011 1298; x_wconf 83' lang='lat' dir='ltr'><strong>auctorum</strong></span> <span class='ocrx_word' id='word_1_60' title='bbox 1029 1226 1187 1274; x_wconf 79' lang='lat' dir='ltr'><strong>emen-</strong></span> 
     </span>
     <span class='ocr_line' id='line_1_10' title="bbox 115 1324 1185 1419; baseline 0.003 -24"><span class='ocrx_word' id='word_1_61' title='bbox 115 1325 433 1404; x_wconf 86' lang='lat' dir='ltr'><strong>darelectionem,</strong></span> <span class='ocrx_word' id='word_1_62' title='bbox 466 1324 605 1393; x_wconf 79' lang='lat' dir='ltr'><strong>errores</strong></span> <span class='ocrx_word' id='word_1_63' title='bbox 628 1325 818 1416; x_wconf 83' lang='lat' dir='ltr'><strong>corrigere,</strong></span> <span class='ocrx_word' id='word_1_64' title='bbox 850 1349 869 1393; x_wconf 90' lang='lat' dir='ltr'><strong>a</strong></span> <span class='ocrx_word' id='word_1_65' title='bbox 892 1326 1005 1419; x_wconf 89' lang='lat' dir='ltr'><strong>nimio</strong></span> <span class='ocrx_word' id='word_1_66' title='bbox 1024 1340 1185 1398; x_wconf 78' lang='lat' dir='ltr'><strong>auoto-</strong></span> 
     </span>
     <span class='ocr_line' id='line_1_11' title="bbox 114 1444 1184 1545; baseline -0.006 -28"><span class='ocrx_word' id='word_1_67' title='bbox 114 1446 232 1517; x_wconf 84' lang='lat' dir='ltr'><strong>ritatis</strong></span> <span class='ocrx_word' id='word_1_68' title='bbox 265 1447 384 1517; x_wconf 89' lang='lat' dir='ltr'><strong>studio</strong></span> <span class='ocrx_word' id='word_1_69' title='bbox 411 1470 558 1517; x_wconf 89' lang='lat' dir='ltr'><strong>avocare</strong></span> <span class='ocrx_word' id='word_1_70' title='bbox 583 1447 742 1518; x_wconf 84' lang='lat' dir='ltr'><strong>eruditos</strong></span> <span class='ocrx_word' id='word_1_71' title='bbox 771 1448 927 1518; x_wconf 86' lang='lat' dir='ltr'><strong>studuit:</strong></span> <span class='ocrx_word' id='word_1_72' title='bbox 955 1444 1184 1545; x_wconf 56' lang='lat' dir='ltr'><strong>&#39;ac-quern.</strong></span> 
     </span>
     <span class='ocr_line' id='line_1_12' title="bbox 116 1550 1185 1671; baseline 0.007 -32"><span class='ocrx_word' id='word_1_73' title='bbox 116 1570 306 1641; x_wconf 86' lang='lat' dir='ltr'><strong>admodum</strong></span> <span class='ocrx_word' id='word_1_74' title='bbox 330 1571 514 1642; x_wconf 80' lang='lat' dir='ltr'><strong>Luruanus</strong></span> <span class='ocrx_word' id='word_1_75' title='bbox 531 1593 660 1640; x_wconf 87' lang='lat' dir='ltr'><strong>noram</strong></span> <span class='ocrx_word' id='word_1_76' title='bbox 681 1570 852 1640; x_wconf 87' lang='lat' dir='ltr'><strong>ecclesiae</strong></span> <span class='ocrx_word' id='word_1_77' title='bbox 877 1572 1027 1643; x_wconf 86' lang='lat' dir='ltr'><strong>formam</strong></span> <span class='ocrx_word' id='word_1_78' title='bbox 1056 1550 1185 1671; x_wconf 19' lang='lat' dir='ltr'><strong>cre-n-⁴</strong></span> 
     </span>
     <span class='ocr_line' id='line_1_13' title="bbox 113 1691 1174 1790; baseline -0.004 -26"><span class='ocrx_word' id='word_1_79' title='bbox 113 1718 171 1774; x_wconf 88' lang='lat' dir='ltr'><strong>re,</strong></span> <span class='ocrx_word' id='word_1_80' title='bbox 197 1695 359 1764; x_wconf 75' lang='lat' dir='ltr'><strong>Enasuus</strong></span> <span class='ocrx_word' id='word_1_81' title='bbox 379 1696 511 1766; x_wconf 81' lang='lat' dir='ltr'><strong>veteris</strong></span> <span class='ocrx_word' id='word_1_82' title='bbox 534 1691 705 1764; x_wconf 87' lang='lat' dir='ltr'><strong>eeclesiae</strong></span> <span class='ocrx_word' id='word_1_83' title='bbox 728 1716 861 1765; x_wconf 86' lang='lat' dir='ltr'><strong>errores</strong></span> <span class='ocrx_word' id='word_1_84' title='bbox 875 1697 1070 1790; x_wconf 77' lang='lat' dir='ltr'><strong>corrigere</strong></span> <span class='ocrx_word' id='word_1_85' title='bbox 1096 1722 1174 1769; x_wconf 86' lang='lat' dir='ltr'><strong>co.</strong></span> 
     </span>
     <span class='ocr_line' id='line_1_14' title="bbox 114 1817 1168 1909; baseline 0.006 -21"><span class='ocrx_word' id='word_1_86' title='bbox 114 1820 191 1889; x_wconf 89' lang='lat' dir='ltr'><strong>nati</strong></span> <span class='ocrx_word' id='word_1_87' title='bbox 223 1829 324 1899; x_wconf 91' lang='lat' dir='ltr'><strong>sunt,</strong></span> <span class='ocrx_word' id='word_1_88' title='bbox 353 1817 414 1887; x_wconf 92' lang='lat' dir='ltr'><strong>ille</strong></span> <span class='ocrx_word' id='word_1_89' title='bbox 447 1817 593 1888; x_wconf 88' lang='lat' dir='ltr'><strong>clericos</strong></span> <span class='ocrx_word' id='word_1_90' title='bbox 614 1817 650 1886; x_wconf 85' lang='lat' dir='ltr'><strong>ri</strong></span> <span class='ocrx_word' id='word_1_91' title='bbox 673 1817 920 1909; x_wconf 83' lang='lat' dir='ltr'><strong>reprimendo,</strong></span> <span class='ocrx_word' id='word_1_92' title='bbox 954 1819 1017 1888; x_wconf 82' lang='lat' dir='ltr'><strong>hi‘c</strong></span> <span class='ocrx_word' id='word_1_93' title='bbox 1050 1825 1168 1894; x_wconf 78' lang='lat' dir='ltr'><strong>suavi</strong></span> 
     </span>
     <span class='ocr_line' id='line_1_15' title="bbox 113 1925 1153 2029; baseline 0.005 -18"><span class='ocrx_word' id='word_1_94' title='bbox 113 1941 229 2011; x_wconf 70' lang='lat' dir='ltr'><strong>arona</strong></span> <span class='ocrx_word' id='word_1_95' title='bbox 252 1940 454 2020; x_wconf 81' lang='lat' dir='ltr'><strong>irridendo,</strong></span> <span class='ocrx_word' id='word_1_96' title='bbox 488 1941 539 2011; x_wconf 73' lang='lat' dir='ltr'><strong>ac</strong></span> <span class='ocrx_word' id='word_1_97' title='bbox 569 1940 631 2009; x_wconf 72' lang='lat' dir='ltr'><strong>arri</strong></span> <span class='ocrx_word' id='word_1_98' title='bbox 661 1952 745 2010; x_wconf 80' lang='lat' dir='ltr'><strong>sunt</strong></span> <span class='ocrx_word' id='word_1_99' title='bbox 770 1942 901 2012; x_wconf 74' lang='lat' dir='ltr'><strong>meam</strong></span> <span class='ocrx_word' id='word_1_100' title='bbox 931 1925 1153 2029; x_wconf 63' lang='lat' dir='ltr'><strong>annnam,</strong></span> 
     </span>
     <span class='ocr_line' id='line_1_16' title="bbox 114 2064 1146 2160; baseline 0.005 -26"><span class='ocrx_word' id='word_1_101' title='bbox 114 2065 177 2134; x_wconf 87' lang='lat' dir='ltr'><strong>alii</strong></span> <span class='ocrx_word' id='word_1_102' title='bbox 200 2065 371 2135; x_wconf 75' lang='lat' dir='ltr'><strong>Eussnou</strong></span> <span class='ocrx_word' id='word_1_103' title='bbox 390 2064 536 2134; x_wconf 86' lang='lat' dir='ltr'><strong>imitati:</strong></span> <span class='ocrx_word' id='word_1_104' title='bbox 562 2064 709 2158; x_wconf 89' lang='lat' dir='ltr'><strong>utrique</strong></span> <span class='ocrx_word' id='word_1_105' title='bbox 729 2066 1005 2160; x_wconf 84' lang='lat' dir='ltr'><strong>parilibertatis</strong></span> <span class='ocrx_word' id='word_1_106' title='bbox 1028 2068 1146 2139; x_wconf 86' lang='lat' dir='ltr'><strong>studio</strong></span> 
     </span>
     <span class='ocr_line' id='line_1_17' title="bbox 112 2189 226 2260; baseline -0.009 0"><span class='ocrx_word' id='word_1_107' title='bbox 112 2189 226 2260; x_wconf 85' lang='lat' dir='ltr'><strong>ducti.</strong></span> 
     </span>
    </p>

    <p class='ocr_par' dir='ltr' id='par_1_3' title="bbox 10 2310 1153 3887">
     <span class='ocr_line' id='line_1_18' title="bbox 154 2310 1134 2409; baseline -0.003 -22"><span class='ocrx_word' id='word_1_108' title='bbox 154 2311 384 2387; x_wconf 70' lang='lat' dir='ltr'><strong>[Scholastica</strong></span> <span class='ocrx_word' id='word_1_109' title='bbox 398 2310 635 2407; x_wconf 85' lang='lat' dir='ltr'><strong>philosophia,</strong></span> <span class='ocrx_word' id='word_1_110' title='bbox 661 2311 881 2405; x_wconf 83' lang='lat' dir='ltr'><strong>subjectivae</strong></span> <span class='ocrx_word' id='word_1_111' title='bbox 893 2314 1023 2407; x_wconf 81' lang='lat' dir='ltr'><strong>magis,</strong></span> <span class='ocrx_word' id='word_1_112' title='bbox 1040 2335 1134 2409; x_wconf 86' lang='lat' dir='ltr'><strong>qnam</strong></span> 
     </span>
     <span class='ocr_line' id='line_1_19' title="bbox 113 2436 1133 2531; baseline -0.002 -22"><span class='ocrx_word' id='word_1_113' title='bbox 113 2437 316 2530; x_wconf 83' lang='lat' dir='ltr'><strong>objectirae</strong></span> <span class='ocrx_word' id='word_1_114' title='bbox 344 2437 529 2517; x_wconf 86' lang='lat' dir='ltr'><strong>utilitatis,</strong></span> <span class='ocrx_word' id='word_1_115' title='bbox 565 2448 771 2507; x_wconf 82' lang='lat' dir='ltr'><strong>exercuerat</strong></span> <span class='ocrx_word' id='word_1_116' title='bbox 791 2436 934 2531; x_wconf 84' lang='lat' dir='ltr'><strong>ingenia</strong></span> <span class='ocrx_word' id='word_1_117' title='bbox 961 2437 1133 2507; x_wconf 89' lang='lat' dir='ltr'><strong>hominum</strong></span> 
     </span>
     <span class='ocr_line' id='line_1_20' title="bbox 79 2553 1135 2656; baseline -0.004 -21"><span class='ocrx_word' id='word_1_118' title='bbox 79 2571 81 2575; x_wconf 85' lang='grc'><strong>’</strong></span> <span class='ocrx_word' id='word_1_119' title='bbox 113 2564 396 2655; x_wconf 31' lang='lat' dir='ltr'><strong>firmaveratque,</strong></span> <span class='ocrx_word' id='word_1_120' title='bbox 407 2553 594 2653; x_wconf 86' lang='lat' dir='ltr'><strong>disciplina</strong></span> <span class='ocrx_word' id='word_1_121' title='bbox 613 2560 727 2652; x_wconf 84' lang='lat' dir='ltr'><strong>logica</strong></span> <span class='ocrx_word' id='word_1_122' title='bbox 744 2561 1021 2656; x_wconf 83' lang='lat' dir='ltr'><strong>institueratque</strong></span> <span class='ocrx_word' id='word_1_123' title='bbox 1042 2561 1135 2632; x_wconf 85' lang='lat' dir='ltr'><strong>docc-</strong></span> 
     </span>
     <span class='ocr_line' id='line_1_21' title="bbox 114 2683 1136 2779; baseline -0.004 -22"><span class='ocrx_word' id='word_1_124' title='bbox 114 2712 154 2756; x_wconf 92' lang='lat' dir='ltr'><strong>re</strong></span> <span class='ocrx_word' id='word_1_125' title='bbox 175 2684 440 2778; x_wconf 90' lang='lat' dir='ltr'><strong>disciplinarum</strong></span> <span class='ocrx_word' id='word_1_126' title='bbox 460 2683 679 2753; x_wconf 85' lang='lat' dir='ltr'><strong>rudimenta:</strong></span> <span class='ocrx_word' id='word_1_127' title='bbox 701 2683 832 2777; x_wconf 85' lang='lat' dir='ltr'><strong>quibus</strong></span> <span class='ocrx_word' id='word_1_128' title='bbox 849 2684 1029 2755; x_wconf 81' lang='lat' dir='ltr'><strong>exercitiis</strong></span> <span class='ocrx_word' id='word_1_129' title='bbox 1047 2705 1136 2779; x_wconf 85' lang='lat' dir='ltr'><strong>prae·</strong></span> 
     </span>
     <span class='ocr_line' id='line_1_22' title="bbox 112 2807 1138 2905; baseline -0.006 -25"><span class='ocrx_word' id='word_1_130' title='bbox 112 2809 330 2905; x_wconf 87' lang='lat' dir='ltr'><strong>parabantur</strong></span> <span class='ocrx_word' id='word_1_131' title='bbox 345 2807 528 2877; x_wconf 90' lang='lat' dir='ltr'><strong>homiuum</strong></span> <span class='ocrx_word' id='word_1_132' title='bbox 542 2817 680 2876; x_wconf 85' lang='lat' dir='ltr'><strong>mentes</strong></span> <span class='ocrx_word' id='word_1_133' title='bbox 696 2807 741 2876; x_wconf 93' lang='lat' dir='ltr'><strong>ad</strong></span> <span class='ocrx_word' id='word_1_134' title='bbox 759 2808 896 2879; x_wconf 86' lang='lat' dir='ltr'><strong>cultum</strong></span> <span class='ocrx_word' id='word_1_135' title='bbox 915 2807 1138 2877; x_wconf 84' lang='lat' dir='ltr'><strong>scientiarum</strong></span> 
     </span>
     <span class='ocr_line' id='line_1_23' title="bbox 115 2928 1142 3024; baseline -0.007 -20"><span class='ocrx_word' id='word_1_136' title='bbox 115 2935 162 3004; x_wconf 92' lang='lat' dir='ltr'><strong>ab</strong></span> <span class='ocrx_word' id='word_1_137' title='bbox 178 2957 249 3002; x_wconf 92' lang='lat' dir='ltr'><strong>una</strong></span> <span class='ocrx_word' id='word_1_138' title='bbox 271 2938 374 3024; x_wconf 85' lang='lat' dir='ltr'><strong>parte</strong></span> <span class='ocrx_word' id='word_1_139' title='bbox 399 2940 436 3007; x_wconf 87' lang='lat' dir='ltr'><strong>et</strong></span> <span class='ocrx_word' id='word_1_140' title='bbox 456 2954 477 2998; x_wconf 88' lang='lat' dir='ltr'><strong>a</strong></span> <span class='ocrx_word' id='word_1_141' title='bbox 496 2940 596 3022; x_wconf 90' lang='lat' dir='ltr'><strong>parte</strong></span> <span class='ocrx_word' id='word_1_142' title='bbox 615 2931 725 3000; x_wconf 87' lang='lat' dir='ltr'><strong>altera</strong></span> <span class='ocrx_word' id='word_1_143' title='bbox 748 2929 1001 3001; x_wconf 87' lang='lat' dir='ltr'><strong>muniebantur</strong></span> <span class='ocrx_word' id='word_1_144' title='bbox 1021 2928 1142 3000; x_wconf 83' lang='lat' dir='ltr'><strong>adrer-</strong></span> 
     </span>
     <span class='ocr_line' id='line_1_24' title="bbox 115 3053 1143 3146; baseline -0.006 -19"><span class='ocrx_word' id='word_1_145' title='bbox 115 3082 173 3127; x_wconf 92' lang='lat' dir='ltr'><strong>sus</strong></span> <span class='ocrx_word' id='word_1_146' title='bbox 187 3055 435 3143; x_wconf 89' lang='lat' dir='ltr'><strong>dominantem</strong></span> <span class='ocrx_word' id='word_1_147' title='bbox 453 3053 716 3144; x_wconf 73' lang='lat' dir='ltr'><strong>mysticismum.</strong></span> <span class='ocrx_word' id='word_1_148' title='bbox 748 3053 830 3145; x_wconf 89' lang='lat' dir='ltr'><strong>Ipsa</strong></span> <span class='ocrx_word' id='word_1_149' title='bbox 853 3077 938 3123; x_wconf 82' lang='lat' dir='ltr'><strong>vero</strong></span> <span class='ocrx_word' id='word_1_150' title='bbox 955 3063 1143 3146; x_wconf 85' lang='lat' dir='ltr'><strong>postquam</strong></span> 
     </span>
     <span class='ocr_line' id='line_1_25' title="bbox 22 3175 1145 3272; baseline -0.004 -23"><span class='ocrx_word' id='word_1_151' title='bbox 22 3191 28 3197; x_wconf 86' lang='grc'><em>“</em></span> <span class='ocrx_word' id='word_1_152' title='bbox 114 3180 391 3272; x_wconf 85' lang='lat' dir='ltr'><strong>degeneraverat</strong></span> <span class='ocrx_word' id='word_1_153' title='bbox 421 3175 460 3243; x_wconf 92' lang='lat' dir='ltr'><strong>in</strong></span> <span class='ocrx_word' id='word_1_154' title='bbox 489 3176 712 3261; x_wconf 84' lang='lat' dir='ltr'><strong>dialecticam</strong></span> <span class='ocrx_word' id='word_1_155' title='bbox 739 3176 990 3258; x_wconf 82' lang='lat' dir='ltr'><strong>subtilitatem,</strong></span> <span class='ocrx_word' id='word_1_156' title='bbox 1018 3199 1145 3247; x_wconf 83' lang='lat' dir='ltr'><strong>novam</strong></span> 
     </span>
     <span class='ocr_line' id='line_1_26' title="bbox 115 3297 1147 3371; baseline 0.001 -1"><span class='ocrx_word' id='word_1_157' title='bbox 115 3302 274 3371; x_wconf 87' lang='lat' dir='ltr'><strong>inierunt</strong></span> <span class='ocrx_word' id='word_1_158' title='bbox 297 3297 365 3367; x_wconf 85' lang='lat' dir='ltr'><strong>riri</strong></span> <span class='ocrx_word' id='word_1_159' title='bbox 389 3297 487 3369; x_wconf 92' lang='lat' dir='ltr'><strong>docti</strong></span> <span class='ocrx_word' id='word_1_160' title='bbox 510 3302 621 3370; x_wconf 82' lang='lat' dir='ltr'><strong>riam·</strong></span> <span class='ocrx_word' id='word_1_161' title='bbox 662 3300 738 3370; x_wconf 91' lang='lat' dir='ltr'><strong>Alii</strong></span> <span class='ocrx_word' id='word_1_162' title='bbox 764 3300 808 3370; x_wconf 89' lang='lat' dir='ltr'><strong>ad</strong></span> <span class='ocrx_word' id='word_1_163' title='bbox 834 3312 992 3371; x_wconf 85' lang='lat' dir='ltr'><strong>veteres:</strong></span> <span class='ocrx_word' id='word_1_164' title='bbox 1016 3300 1147 3371; x_wconf 72' lang='lat' dir='ltr'><strong>Sacas·</strong></span> 
     </span>
     <span class='ocr_line' id='line_1_27' title="bbox 97 3423 1149 3521; baseline -0.004 -26"><span class='ocrx_word' id='word_1_165' title='bbox 97 3435 205 3507; x_wconf 62' lang='lat' dir='ltr'><strong>&#39;ram</strong></span> <span class='ocrx_word' id='word_1_166' title='bbox 240 3424 451 3501; x_wconf 67' lang='lat' dir='ltr'><strong>Puerorum,</strong></span> <span class='ocrx_word' id='word_1_167' title='bbox 487 3423 741 3493; x_wconf 77' lang='lat' dir='ltr'><strong>llrarocaarnrr</strong></span> <span class='ocrx_word' id='word_1_168' title='bbox 780 3426 913 3496; x_wconf 84' lang='lat' dir='ltr'><strong>reversi</strong></span> <span class='ocrx_word' id='word_1_169' title='bbox 950 3434 1055 3521; x_wconf 77' lang='lat' dir='ltr'><strong>sunt3</strong></span> <span class='ocrx_word' id='word_1_170' title='bbox 1088 3423 1149 3492; x_wconf 86' lang='lat' dir='ltr'><strong>alii</strong></span> 
     </span>
     <span class='ocr_line' id='line_1_28' title="bbox 114 3544 1149 3639; baseline -0.003 -22"><span class='ocrx_word' id='word_1_171' title='bbox 114 3546 339 3616; x_wconf 88' lang='lat' dir='ltr'><strong>auctoritatis</strong></span> <span class='ocrx_word' id='word_1_172' title='bbox 358 3544 515 3614; x_wconf 87' lang='lat' dir='ltr'><strong>studium</strong></span> <span class='ocrx_word' id='word_1_173' title='bbox 537 3548 802 3638; x_wconf 83' lang='lat' dir='ltr'><strong>impugnarunt;</strong></span> <span class='ocrx_word' id='word_1_174' title='bbox 828 3547 889 3616; x_wconf 91' lang='lat' dir='ltr'><strong>alii</strong></span> <span class='ocrx_word' id='word_1_175' title='bbox 903 3547 1062 3639; x_wconf 90' lang='lat' dir='ltr'><strong>denique</strong></span> <span class='ocrx_word' id='word_1_176' title='bbox 1077 3568 1149 3614; x_wconf 90' lang='lat' dir='ltr'><strong>om·</strong></span> 
     </span>
     <span class='ocr_line' id='line_1_29' title="bbox 10 3647 1026 3762; baseline -0.002 -22"><span class='ocrx_word' id='word_1_177' title='bbox 10 3704 11 3709; x_wconf 40' lang='lat'>¹</span> <span class='ocrx_word' id='word_1_178' title='bbox 113 3693 194 3740; x_wconf 86' lang='lat' dir='ltr'><strong>nem</strong></span> <span class='ocrx_word' id='word_1_179' title='bbox 216 3691 360 3762; x_wconf 85' lang='lat' dir='ltr'><strong>prorsus</strong></span> <span class='ocrx_word' id='word_1_180' title='bbox 374 3669 593 3738; x_wconf 84' lang='lat' dir='ltr'><strong>medicinam</strong></span> <span class='ocrx_word' id='word_1_181' title='bbox 615 3670 805 3740; x_wconf 81' lang='lat' dir='ltr'><strong>reformare</strong></span> <span class='ocrx_word' id='word_1_182' title='bbox 831 3647 1026 3741; x_wconf 84' lang='lat' dir='ltr'><strong>tentarunt.</strong></span> 
     </span>
     <span class='ocr_line' id='line_1_30' title="bbox 162 3765 1153 3887; baseline 0 -23"><span class='ocrx_word' id='word_1_183' title='bbox 162 3765 299 3864; x_wconf 79' lang='lat' dir='ltr'><strong>anbs</strong></span> <span class='ocrx_word' id='word_1_184' title='bbox 332 3794 472 3873; x_wconf 67' lang='lat' dir='ltr'><strong>hunus,</strong></span> <span class='ocrx_word' id='word_1_185' title='bbox 498 3795 671 3864; x_wconf 69' lang='lat' dir='ltr'><strong>Prii-oms</strong></span> <span class='ocrx_word' id='word_1_186' title='bbox 691 3786 838 3886; x_wconf 78' lang='lat' dir='ltr'><strong>dialogis</strong></span> <span class='ocrx_word' id='word_1_187' title='bbox 874 3792 1101 3887; x_wconf 87' lang='lat' dir='ltr'><strong>perlegendis</strong></span> <span class='ocrx_word' id='word_1_188' title='bbox 1130 3816 1153 3864; x_wconf 88' lang='lat' dir='ltr'><strong>a</strong></span> 
     </span>
    </p>
   </div>
   <div class='ocr_carea' id='block_1_3' title="bbox 0 0 1288 5040">
    <p class='ocr_par' dir='ltr' id='par_1_4' title="bbox 0 0 1288 5040">
     <span class='ocr_line' id='line_1_31' title="bbox 0 0 1288 5040; baseline 0 0"><span class='ocrx_word' id='word_1_189' title='bbox 0 0 1288 5040; x_wconf 95' lang='lat' dir='ltr'><strong> </strong></span> 
     </span>
    </p>
   </div>
  </div>
 </body>
</html>
