2550 5040
325 395 417 457 SlVE
436 393 668 452 rennueret:
687 390 957 453 mauronianus,
1121 386 1159 451 91

102 582 304 642 auctorem
326 572 507 664 perlegas,
540 544 643 640 brevi
666 569 819 650 senties,
851 577 989 664 quanto
1013 575 1159 660 superet

102 690 291 766 Tralliani
320 694 503 785 ingenium
532 693 683 786 amplam
713 689 884 763 Arnideni
909 691 1162 766 eruditionem.-

98 817 208 910 Ipse
226 844 298 890 non
316 816 422 917 modo
443 817 489 887 ab
506 819 692 893 sinemo
709 826 857 909 parente
873 815 1071 909 eodemque
1090 820 1174 883 mei¹
1203 848 1206 853 ·

94 937 207 1013 dico
227 943 415 1013 institutus
445 951 520 1022 est,
546 941 805 1013 verumetiam
827 938 867 1008 in
888 938 958 1009 hae
987 951 1063 1009 arte
1090 960 1165 1008 ma·

90 1064 272 1154 gistrum
289 1064 420 1135 habuit
438 1065 584 1136 Cosmae
604 1078 761 1161 patrem;
787 1063 848 1134 eui
863 1063 1009 1137 Cosmae
1031 1062 1162 1156 partim

86 1185 234 1279 ipsius
256 1201 404 1284 rogatu,
429 1190 560 1282 partim
584 1203 627 1261 ut
648 1188 905 1260 beneficiorum
930 1180 1078 1282 gratiam
1103 1185 1166 1257 ali·

83 1334 231 1403 quam
254 1314 349 1408 patri
379 1294 462 1407 ejus
486 1314 728 1408 persolveret,
760 1311 871 1383 libros
900 1331 982 1383 suos
1015 1310 1163 1383 dicarit.

82 1431 210 1508 Fuit
229 1436 289 1506 ille
304 1434 347 1506 'in
361 1436 543 1507 medicina
565 1436 898 1518 exercitatissimus,
923 1435 1166 1531 experientiae

81 1556 349 1655 longissimae
376 1559 542 1656 famaque
570 1561 722 1631 multum
750 1563 930 1656 cognitus,
964 1585 1039 1632 non
1057 1560 1168 1631 inodo

77 1668 277 1767 Romae,
303 1685 366 1755 sed
386 1685 495 1755 etiam
518 1708 735 1779 quocunque
756 1709 902 1779 peregre
923 1684 1168 1779 proficiscere-

82 1816 201 1891 tur,
235 1809 312 1901 sire
336 1833 401 1903 per
427 1807 599 1891 Galliam,
634 1809 710 1880 sive
736 1832 800 1902 per
826 1808 1055 1901 Hispaniam,
1089 1807 1166 1879 sire

83 1953 190 2024 per
207 1934 294 2004 alias
313 1933 500 2024 regionesz
524 1933 622 2002 unde
641 1944 810 2026 tanquam
832 1931 984 2004 caeteris
1010 1932 1168 2026 praecel-

22 2112 31 2129 .
84 2054 203 2128 lens
228 2056 434 2128 Alexander
461 2055 623 2134 medicus
652 2054 869 2138 vocabatur,
894 2055 948 2127 ita
973 2058 1166 2130 Fasmmus

87 2177 175 2251 sle
188 2204 231 2252 eo
248 2179 287 2252 iu
306 2180 407 2252 Hor.
427 2178 524 2250 Mea
546 2179 698 2273 scripsit
747 2180 885 2274 Quodsi
907 2204 1087 2252 eumcum
1107 2181 1171 2250 ali-

89 2328 200 2397 quo
225 2304 303 2375 viro
334 2304 466 2376 illustri
492 2328 695 2399 comparare
719 2304 841 2386 lubet,
880 2311 945 2399 eg‘o
968 2305 1068 2377 buno
1094 2328 1168 2377 non

93 2449 210 2496 eum
228 2427 471 2510 Asnxsnnno,
497 2429 560 2500 sed
581 2452 662 2499 oum
694 2427 888 2500 Bsnrsanro
913 2452 1166 2524 compararem.

96 2549 215 2623 Nam
236 2563 279 2624 ut
297 2528 358 2622 irie
378 2554 618 2624 Rornanorum
639 2553 788 2622 ultimus
807 2553 926 2624 dietus
956 2564 1030 2636 est,
1056 2554 1108 2623 sie
1127 2552 1168 2622 il·

100 2672 206 2743 lum
224 2675 445 2748 medicorum
465 2702 531 2771 ego
556 2675 776 2750 Graecorum
799 2675 966 2748 ultimum
984 2678 1147 2748 dixerim.

184 2799 224 2871 In
243 2801 384 2872 theoria
400 2800 610 2896 praesertim
628 2798 803 2872 Guium
821 2802 985 2895 sequitur
1002 2798 1172 2871 nimium·

107 2935 202 3010 que
222 2923 413 2997 humorum
439 2924 665 3019 pathologiae
686 2923 852 2994 addictus
873 2924 1028 2996 videtur.
1077 2925 1171 2996 Eum
1262 2994 1265 2998 ,

109 3038 170 3110 in
200 3071 305 3142 opere
336 3073 401 3119 suo
419 3061 572 3145 secutus
600 3060 655 3118 est
681 3047 863 3132 ordinem,
899 3026 947 3121 ut
965 3049 1170 3120 morborum

110 3183 258 3252 genera
278 3195 456 3266 exponens
475 3197 497 3243 a
516 3173 634 3267 eapite
662 3172 813 3268 incipiat
840 3152 1044 3267 etquidem
1069 3196 1170 3245 aea·

107 3285 215 3370 Pitis
232 3295 365 3366 morbis
384 3297 566 3379 eutaneis,
593 3312 669 3371 tum
690 3298 736 3369 de
754 3297 887 3369 morbis
906 3297 1081 3380 saucium,
1106 3322 1169 3394 pe·

104 3414 254 3501 eteris,
279 3420 342 3488 imi
359 3421 511 3503 ventris,
536 3421 693 3517 denique
708 3424 754 3495 de
770 3421 945 3518 podagra,
971 3425 1099 3495 ultimo
1120 3421 1166 3494 de

98 3517 290 3614 febribus
312 3554 404 3634 agat.
453 3547 498 3614 In
518 3547 679 3640 diagnosi
703 3573 746 3619 eo
774 3550 997 3643 potissimum
1022 3546 1168 3618 nomine

93 3640 330 3737 laudandus
353 3681 423 3749 est,
449 3671 547 3764 quod
573 3696 676 3766 pares
697 3674 743 3743 ad
767 3674 923 3768 speciem
950 3669 1092 3744 morbos
1112 3693 1169 3741 se-

90 3785 216 3860 cun,
242 3793 396 3863 invicem
428 3794 590 3865 conferat
615 3797 810 3893 eorumque
834 3810 936 3870 notas
958 3807 1065 3868 acute
1088 3818 1172 3890 per·

79 3903 269 4027 qflirat:
294 3915 364 3986 hoo
381 3930 487 4009 paeto
511 3920 720 4013 pleuriticos
738 3921 784 3994 ab
811 3921 1037 4016 hepatitiois,
1060 3918 1171 4022 phref

75 4024 284 4111 tutidem
319 4064 438 4115 veram
464 4067 485 4114 a
515 4049 653 4141 spuria,
687 4048 863 4144 paralysin
885 4059 1062 4131 naturae,
1095 4044 1204 4140 epi-1
