2566 5040
112 401 172 468 254
303 396 533 467 DOCTRINAE
548 401 603 461 DE
619 397 940 464 nuncrmclmtn'n

115 575 286 672 indagare
311 577 482 650 studuere
503 559 730 674 physicarum
751 589 791 650 et
817 576 1063 672 chymicarum
1084 576 1151 653 dis·

117 702 327 797 ciplinarum
347 702 511 772 cultores.
1136 781 1141 790 ¹

173 827 345 897 Doctrina
370 824 621 896 electricitatis
649 848 777 917 magna
801 826 1025 903 incrementa
1050 845 1149 922 cepe·¹

37 968 40 974 '
117 961 175 1025 rat
194 951 234 1021 Β.
255 951 453 1023 Fctunmtu
474 924 678 1033 laboribus,
702 973 814 1044 quum
837 968 869 1020 a.
897 949 1002 1024 1790.
1027 950 1148 1024 Ancus

107 1061 287 1148 Genuum
315 1073 383 1144 sibi
411 1073 587 1147 detexisse
612 1056 710 1144 visus
735 1086 789 1144 est
818 1075 945 1144 miram
968 1099 1148 1170 corporum

115 1197 325 1270 animalium
351 1197 624 1290 proprietatem,
649 1221 757 1293 quam
785 1197 1062 1271 electricitatem
1083 1200 1150 1272 ani·

116 1323 248 1402 malem
269 1319 505 1415 nuncupavit·
613 1401 616 1407 ,

167 1446 260 1525 Casu
277 1444 326 1519 'in
345 1467 419 1521 rem
445 1444 594 1527 incidit,
618 1444 918 1541 quemadmodum
942 1445 1058 1520 refert
1080 1448 1149 1544 ipse

119 1564 278 1664 (Comm.
306 1592 384 1664 pag.
401 1568 458 1664 2.)
493 1568 652 1641 »ranam
675 1569 841 1651 ¹dissecui
868 1581 983 1667 atque.
1012 1596 1151 1668 praepos

117 1696 198 1768 ravi
216 1717 367 1788 eamque
384 1693 423 1764 in
441 1677 579 1776 tabula,
604 1693 724 1765 omnia
741 1694 830 1764 mihi
846 1693 917 1765 alia
937 1719 1149 1793 proponens,

119 1818 161 1891 in
187 1840 261 1914 qua
293 1829 372 1890 erat
393 1815 561 1888 machina
588 1817 757 1888 electrina
780 1818 973 1901 collocavi,
1008 1821 1056 1891 ab
1078 1823 1151 1916 ejus

107 1943 343 2019 ‘conductore
377 1935 521 2036 penitus
550 1937 750 2033 sejunctam
784 1953 898 2036 atque.
929 1943 1031 2016 haud
1056 1940 1152 2018 brevi

120 2066 520 2150 intervalloodissitam
553 2064 640 2136 dum
668 2065 826 2160 scalpelli
853 2067 1041 2160 cuspidem
1066 2091 1153 2142 unus

122 2216 169 2264 ex
191 2191 253 2271 iis,
279 2191 343 2285 qui
364 2189 454 2260 mihi
475 2211 618 2283 operam
641 2186 793 2271 dabant,
825 2192 1027 2276 cruralibus
1052 2193 1152 2289 hujus

123 2337 233 2386 ranae
261 2312 412 2384 internis
440 2312 561 2383 nervis
588 2335 670 2382 casu
697 2313 756 2386 rel
781 2313 911 2385 leviter
930 2318 1152 2400 admoveret,

124 2439 298 2512 continuo
323 2459 447 2509 omnes
474 2445 619 2506 artuum
646 2437 799 2526 musculi
821 2437 875 2508 ita
904 2441 1069 2513 contrabi
1094 2440 1154 2515 risi

92 2572 98 2581 “
123 2576 236 2647 sunt,
249 2574 292 2636 ut
307 2563 347 2634 in
368 2560 655 2635 vehementiores
672 2561 841 2633 incidisse
862 2563 1002 2636 tonicas
1020 2544 1159 2637 eonvut'

127 2690 245 2765 aiones
261 2686 480 2761 viderentur.
505 2685 638 2756 Eorum
656 2708 742 2756 vero
760 2686 869 2768 alter,
888 2688 953 2784 qui
968 2688 1073 2760 nobis
1092 2688 1154 2762 elc-

127 2813 347 2884 ctricitatem
376 2809 598 2882 tentantibus
619 2821 763 2903 praesto
784 2819 881 2893 erat,
905 2813 1155 2885 animadverte·

122 2920 167 3010 =rc
185 2938 254 3008 sibi
275 2935 372 3008 visus
400 2945 473 3016 est,
498 2958 572 3005 rem
596 2935 824 3028 contingere,
848 2934 934 3005 dnm
958 2962 1003 3008 ex
1031 2937 1154 3008 condu-

128 3073 228 3133 ctorc
245 3059 431 3132 machinae
455 3059 610 3130 scintilla
628 3059 829 3131 eliceretnr.
877 3060 945 3131 liei
968 3062 1157 3132 novitatem

128 3186 190 3257 ille
220 3184 415 3254 admiratus
444 3182 489 3252 de
516 3183 641 3253 eadem
668 3185 789 3255 atatim
815 3191 892 3265 me}
926 3184 997 3254 alia
1023 3185 1158 3256 omnino

128 3310 337 3382 molientem
361 3330 403 3376 ac
430 3331 571 3378 mecum
600 3307 677 3401 ipso
710 3307 945 3400 cogitantem,
971 3309 1159 3380 admonuit.

130 3431 202 3503 Hic
220 3455 287 3521 ego
305 3429 508 3501 incredibili
528 3455 605 3501 sum
629 3431 749 3502 studio
771 3443 809 3502 et
827 3430 1025 3527 cupiditate
1043 3434 1159 3504 incen·

131 3576 191 3628 cus
217 3556 314 3627 idern
334 3555 539 3650 experiendi
565 3568 602 3627 et
621 3553 720 3652 quod
738 3556 920 3627 occultum
942 3557 981 3626 in
998 3581 1038 3629 re
1060 3534 1161 3636 esset,

100 3681 171 3751 .in
200 3681 319 3751 lucem
351 3681 566 3775 proferendi.
623 3679 780 3753 Admovi
807 3690 998 3774 propterea
1026 3690 1066 3752 et
1092 3680 1161 3776 ipsa

132 3803 291 3899 scalpelli
309 3806 493 3900 cuspidem
513 3805 579 3875 uni
596 3805 655 3877 rel
676 3804 781 3876 alteri
797 3804 926 3876 crurali
941 3826 1071 3886 nervo,
1096 3824 1162 3900 quo

132 3936 292 4024 tempore
318 3952 413 4000 unus
436 3953 480 4000 ex
503 3928 566 4010 iis,
600 3928 666 4024 qui
693 3927 862 4011 aderant.
887 3928 1082 4005 scintillam
1104 3924 1164 3997 oli-

133 4065 243 4126 ceret.
291 4053 570 4157 Phaenomenon
592 4052 719 4136 cadem
732 4055 878 4160 omnino
893 4052 1035 4155 ratione
1055 4046 1167 4147 conti·
