2566 5040
141 368 216 447 sse
466 367 904 445 sasnaorrusuu.

160 541 346 641 2-.·.3Jpsam,
367 543 542 638 rdonique
577 541 920 615 medicamentorum
957 543 1199 638 operationem

160 669 259 766 quod
283 669 433 751 attinet,
459 692 481 738 a
504 667 699 741 ventriculi
728 691 771 737 ac
802 668 1020 761 reliquarum
1047 671 1200 762 partium

119 857 120 860 ,
159 792 363 889 sympathia
391 790 486 885 hanc
521 790 677 863 feliciter
713 778 904 868 admodum
943 790 1197 886 interpretatur

159 931 239 999 esc
347 974 352 983 .
690 993 702 1015 -.

160 1086 183 1113 .·
208 1044 348 1121 Paucas
365 1053 429 1111 aut
443 1042 624 1138 simplices
644 1041 849 1119 morborum
875 1040 1033 1135 origines
1059 1061 1148 1110 esse
1162 1048 1194 1109 et

160 1192 276 1264 pauca
295 1166 398 1236 hisce
416 1167 629 1261 opponenda
646 1169 822 1251 remedia,
838 1164 1049 1261 praesertim
1068 1161 1195 1235 diaeta·

131 1294 235 1392 'tica
255 1302 302 1362 et
324 1290 499 1374 thermas,
532 1315 682 1386 quarum
716 1292 886 1385 plurimas
911 1299 1093 1369 scrutatus
1123 1297 1191 1357 est:

116 1472 118 1476 »
157 1426 359 1491 nectente
385 1437 474 1508 opus
500 1438 576 1485 esse
606 1414 883 1493 medicaminum
909 1412 1106 1504 farragine,
1135 1408 1192 1480 sed

155 1541 287 1613 decem
308 1549 371 1609 aut
389 1537 580 1610 duodecim
602 1539 742 1611 medico
761 1538 894 1609 artifici
913 1536 1097 1610 sufficere:
1122 1532 1192 1611 nut-

156 1663 237 1739 tum
263 1674 402 1734 exstare
428 1638 547 1757 neque
580 1647 807 1759 specificu'm,
829 1683 949 1756 neque
976 1654 1192 1737 universale,

129 1802 294 1885 'neque-
311 1810 502 1857 arcanum:
538 1812 663 1860 verum
704 1786 911 1882 speoificum
942 1801 1019 1855 c'sse
1055 1780 1192 1874 singulis

161 1922 280 2004 aptam
316 1910 526 1981 methodum
567 1925 675 2010 atque
703 1910 933 2009 prudentiam
961 1904 1125 2016 artificis,
1141 1925 1193 1975 re·

36 2093 38 2095 .
160 2054 241 2113 rum
264 2059 341 2106 esse
371 2059 557 2118 arcanum,
584 2038 735 2110 censuit

96 2251 101 2262 Ι
118 2225 120 2232 ,
158 2217 165 2224 ..
209 2161 284 2231 Nec
295 2169 413 2230 tamen
426 2159 505 2251 ejus
516 2161 727 2233 methodum
742 2184 879 2254 semper
889 2155 1087 2238 imbellem,
1103 2155 1199 2248 igno.

161 2307 263 2368 ram,
289 2306 415 2376 parum
434 2283 587 2354 acticam
608 2286 735 2369 luisse,
762 2295 939 2356 testantur
958 2259 1194 2370 laudescam·

158 2407 315 2503 phoras,
346 2405 619 2480 balsamicorum
642 2420 680 2480 et
699 2410 848 2483 inventa
865 2408 912 2479 ab
938 2402 1194 2483 cochinus

154 2533 297 2613 octale,
322 2531 439 2625 liquor
463 2533 666 2627 anodynus,
695 2535 877 2620 balsamus
890 2533 998 2606 vitae.

205 2658 342 2752 ¹ltaque
364 2659 595 2729 Horrusuuus
610 2658 804 2754 incipiens,
829 2658 893 2730 ubi
912 2657 1068 2729 desierat
1084 2653 1194 2724 Boan-

25 2810 26 2814 ’
151 2802 336 2861 mosmos,
358 2781 621 2873 mechanicam,
643 2772 685 2854 nt
700 2781 982 2876 hic,prolessus
996 2793 1053 2853 est
1068 2779 1195 2855 doctri·

60 2901 62 2904 ⁴
155 2931 264 2988 aram,
288 2906 351 2976 red
377 2928 454 2975 eam
480 2906 720 2991 subtiliorem,
754 2906 878 2979 addito
909 2906 1018 2977 etiam
1046 2901 1196 3000 eo„qui

155 3041 218 3109 ,est
249 3029 297 3100 de
328 3053 520 3101 nervorum
542 3032 749 3113 affectibus,
782 3032 863 3103 loco
895 3007 1017 3126 sicque
1047 3041 1196 3135 systema

161 3152 298 3226 creavit
324 3152 797 3247 dynamico-mechanicum,
832 3156 926 3226 inter
954 3156 1197 3226 mechanicam

159 3290 270 3374 atque
284 3263 507 3374 dynamicam
527 3282 703 3352 theoriam
718 3281 960 3375 interjectum.
997 3279 1084 3360 Erat
1101 3302 1196 3350 nem·

151 3427 208 3500 -pe
230 3400 323 3473 haee
343 3405 550 3498 neurologia
576 3407 784 3487 Herculum
819 3417 916 3476 arcte
950 3427 1031 3476 cum
1058 3401 1198 3473 mecha·

157 3529 243 3601 uico
265 3538 455 3624 systemate
477 3541 515 3609 et
537 3552 619 3601 cum
647 3518 808 3625 chymico
833 3532 968 3625 pariter
995 3528 1200 3620 conjunctu

157 3652 249 3726 Nam
267 3674 291 3722 a
311 3652 544 3725 circulatione
561 3653 692 3748 liquidi
716 3655 864 3736 nervei,
891 3678 912 3724 a
933 3651 1089 3749 generali
1117 3673 1200 3745 per·

158 3780 255 3850 tium
275 3779 404 3872 systole
431 3790 469 3850 et
489 3777 656 3856 diastole,
684 3779 919 3852 a‘ventriculi
946 3789 983 3848 et
1007 3775 1201 3847 intestino·

160 3923 242 3985 rum
261 3926 345 3983 cum
361 3927 508 3998 corpore
521 3901 657 3997 reliquo
671 3903 888 3997 sympathia,
908 3913 1087 3996 tamquam
1104 3900 1201 3996 prin·

163 4024 290 4121 cipiis,
313 4039 378 4108 aut
401 4027 683 4100 theorematibus
700 4002 930 4122 generalibus
961 4024 1075 4098 omnis
1106 4021 1202 4120 peti÷
