<?xml version="1.0" encoding="UTF-8"?>
<!DOCTYPE html PUBLIC "-//W3C//DTD XHTML 1.0 Transitional//EN"
    "http://www.w3.org/TR/xhtml1/DTD/xhtml1-transitional.dtd">
<html xmlns="http://www.w3.org/1999/xhtml" xml:lang="en" lang="en">
 <head>
  <title>
</title>
<meta http-equiv="Content-Type" content="text/html;charset=utf-8" />
  <meta name='ocr-system' content='tesseract 3.04.00' />
  <meta name='ocr-capabilities' content='ocr_page ocr_carea ocr_par ocr_line ocrx_word'/>
</head>
<body>
  <div class='ocr_page' id='page_1' title='image "./dehistoriamedic00hoevgoog_0134.png"; bbox 0 0 2550 5040; ppageno 0'>
   <div class='ocr_carea' id='block_1_1' title="bbox 365 367 1176 448">
    <p class='ocr_par' dir='ltr' id='par_1_1' title="bbox 365 367 1176 448">
     <span class='ocr_line' id='line_1_1' title="bbox 365 367 1176 448; baseline 0.005 -21"><span class='ocrx_word' id='word_1_1' title='bbox 365 368 431 427; x_wconf 85' lang='lat' dir='ltr'><strong>·ne</strong></span> <span class='ocrx_word' id='word_1_2' title='bbox 457 367 705 439; x_wconf 72' lang='lat' dir='ltr'><strong>uenrcrur</strong></span> <span class='ocrx_word' id='word_1_3' title='bbox 732 367 972 448; x_wconf 70' lang='lat' dir='ltr'><strong>sassou.·</strong></span> <span class='ocrx_word' id='word_1_4' title='bbox 1125 370 1176 432; x_wconf 79' lang='lat' dir='ltr'><strong>ru</strong></span> 
     </span>
    </p>
   </div>
   <div class='ocr_carea' id='block_1_2' title="bbox 127 541 1244 764">
    <p class='ocr_par' dir='ltr' id='par_1_2' title="bbox 127 541 1244 764">
     <span class='ocr_line' id='line_1_2' title="bbox 135 541 1244 639; baseline 0 -23"><span class='ocrx_word' id='word_1_5' title='bbox 135 545 309 623; x_wconf 80' lang='lat' dir='ltr'><strong>claretur,</strong></span> <span class='ocrx_word' id='word_1_6' title='bbox 335 565 428 636; x_wconf 84' lang='lat' dir='ltr'><strong>quae</strong></span> <span class='ocrx_word' id='word_1_7' title='bbox 449 541 642 621; x_wconf 84' lang='lat' dir='ltr'><strong>Arabicam</strong></span> <span class='ocrx_word' id='word_1_8' title='bbox 665 544 839 639; x_wconf 83' lang='lat' dir='ltr'><strong>originem</strong></span> <span class='ocrx_word' id='word_1_9' title='bbox 858 543 1016 638; x_wconf 90' lang='lat' dir='ltr'><strong>produnt</strong></span> <span class='ocrx_word' id='word_1_10' title='bbox 1032 557 1071 616; x_wconf 91' lang='lat' dir='ltr'><strong>et</strong></span> <span class='ocrx_word' id='word_1_11' title='bbox 1092 546 1177 617; x_wconf 88' lang='lat' dir='ltr'><strong>cha·</strong></span> <span class='ocrx_word' id='word_1_12' title='bbox 1237 614 1244 629; x_wconf 79' lang='grc'><em>,</em></span> 
     </span>
     <span class='ocr_line' id='line_1_3' title="bbox 127 667 1103 764; baseline 0.001 -25"><span class='ocrx_word' id='word_1_13' title='bbox 127 679 307 739; x_wconf 84' lang='lat' dir='ltr'><strong>ractcrem</strong></span> <span class='ocrx_word' id='word_1_14' title='bbox 333 667 533 737; x_wconf 79' lang='lat' dir='ltr'>medicinae</span> <span class='ocrx_word' id='word_1_15' title='bbox 558 669 735 741; x_wconf 79' lang='lat' dir='ltr'><strong>Arabicae</strong></span> <span class='ocrx_word' id='word_1_16' title='bbox 759 669 1103 764; x_wconf 82' lang='lat' dir='ltr'><strong>pharmaceuticum.</strong></span> 
     </span>
    </p>
   </div>
   <div class='ocr_carea' id='block_1_3' title="bbox 422 874 889 973">
    <p class='ocr_par' dir='ltr' id='par_1_3' title="bbox 422 874 889 973">
     <span class='ocr_line' id='line_1_4' title="bbox 422 874 889 973; baseline 0 -2"><span class='ocrx_word' id='word_1_17' title='bbox 422 874 889 973; x_wconf 69' lang='lat' dir='ltr'><strong>cousnorsarn</strong></span> 
     </span>
    </p>
   </div>
   <div class='ocr_carea' id='block_1_4' title="bbox 110 1158 1193 3848">
    <p class='ocr_par' dir='ltr' id='par_1_4' title="bbox 148 1158 1174 1625">
     <span class='ocr_line' id='line_1_5' title="bbox 148 1158 1172 1261; baseline 0.005 -28"><span class='ocrx_word' id='word_1_18' title='bbox 148 1161 217 1234; x_wconf 91' lang='lat'><strong>1.·</strong></span> <span class='ocrx_word' id='word_1_19' title='bbox 251 1158 454 1233; x_wconf 77' lang='lat' dir='ltr'><strong>Notandum</strong></span> <span class='ocrx_word' id='word_1_20' title='bbox 473 1173 546 1233; x_wconf 86' lang='lat' dir='ltr'><strong>est:</strong></span> <span class='ocrx_word' id='word_1_21' title='bbox 573 1163 712 1235; x_wconf 88' lang='lat' dir='ltr'><strong>Arabes</strong></span> <span class='ocrx_word' id='word_1_22' title='bbox 727 1163 867 1244; x_wconf 88' lang='lat' dir='ltr'><strong>medio,</strong></span> <span class='ocrx_word' id='word_1_23' title='bbox 891 1167 989 1261; x_wconf 89' lang='lat' dir='ltr'><strong>quod</strong></span> <span class='ocrx_word' id='word_1_24' title='bbox 1010 1167 1172 1252; x_wconf 82' lang='lat' dir='ltr'><strong>dicitur,</strong></span> 
     </span>
     <span class='ocr_line' id='line_1_6' title="bbox 252 1284 1174 1382; baseline 0.008 -26"><span class='ocrx_word' id='word_1_25' title='bbox 252 1310 360 1367; x_wconf 81' lang='lat' dir='ltr'><strong>acro,</strong></span> <span class='ocrx_word' id='word_1_26' title='bbox 391 1284 501 1357; x_wconf 78' lang='lat' dir='ltr'><strong>fuisse</strong></span> <span class='ocrx_word' id='word_1_27' title='bbox 532 1289 670 1382; x_wconf 89' lang='lat' dir='ltr'><strong>priscae</strong></span> <span class='ocrx_word' id='word_1_28' title='bbox 694 1289 908 1359; x_wconf 85' lang='lat' dir='ltr'><strong>eruditionis</strong></span> <span class='ocrx_word' id='word_1_29' title='bbox 936 1292 1104 1361; x_wconf 78' lang='lat' dir='ltr'><strong>custodes</strong></span> <span class='ocrx_word' id='word_1_30' title='bbox 1129 1315 1174 1364; x_wconf 89' lang='lat' dir='ltr'><strong>eo</strong></span> 
     </span>
     <span class='ocr_line' id='line_1_7' title="bbox 252 1402 1173 1509; baseline 0.007 -29"><span class='ocrx_word' id='word_1_31' title='bbox 252 1434 379 1492; x_wconf 88' lang='lat' dir='ltr'><strong>sensu,</strong></span> <span class='ocrx_word' id='word_1_32' title='bbox 411 1412 508 1506; x_wconf 91' lang='lat' dir='ltr'><strong>quod</strong></span> <span class='ocrx_word' id='word_1_33' title='bbox 530 1410 768 1504; x_wconf 85' lang='lat' dir='ltr'><strong>dogmaticam</strong></span> <span class='ocrx_word' id='word_1_34' title='bbox 790 1402 974 1495; x_wconf 64' lang='lat' dir='ltr'><strong>deterrim,</strong></span> <span class='ocrx_word' id='word_1_35' title='bbox 1009 1416 1173 1509; x_wconf 83' lang='lat' dir='ltr'><strong>inprimis</strong></span> 
     </span>
     <span class='ocr_line' id='line_1_8' title="bbox 252 1532 1020 1625; baseline -0.001 -17"><span class='ocrx_word' id='word_1_36' title='bbox 252 1532 393 1608; x_wconf 70' lang='lat' dir='ltr'><strong>Gaurus</strong></span> <span class='ocrx_word' id='word_1_37' title='bbox 412 1535 626 1606; x_wconf 85' lang='lat' dir='ltr'><strong>medicinam</strong></span> <span class='ocrx_word' id='word_1_38' title='bbox 648 1548 906 1607; x_wconf 79' lang='lat' dir='ltr'><strong>tractaverunt</strong></span> <span class='ocrx_word' id='word_1_39' title='bbox 1018 1621 1020 1625; x_wconf 11' lang='grc' dir='ltr'><em>Α</em></span> 
     </span>
    </p>

    <p class='ocr_par' dir='ltr' id='par_1_5' title="bbox 113 1656 1174 2259">
     <span class='ocr_line' id='line_1_9' title="bbox 113 1656 1174 1753; baseline 0.007 -27"><span class='ocrx_word' id='word_1_40' title='bbox 113 1656 213 1728; x_wconf 86' lang='grc' dir='ltr'><strong>[Ι.</strong></span> <span class='ocrx_word' id='word_1_41' title='bbox 249 1661 370 1731; x_wconf 76' lang='lat' dir='ltr'><strong>Fuisse</strong></span> <span class='ocrx_word' id='word_1_42' title='bbox 388 1660 498 1753; x_wconf 85' lang='lat' dir='ltr'><strong>igitur</strong></span> <span class='ocrx_word' id='word_1_43' title='bbox 519 1660 613 1730; x_wconf 91' lang='lat' dir='ltr'><strong>hanc</strong></span> <span class='ocrx_word' id='word_1_44' title='bbox 628 1659 790 1731; x_wconf 78' lang='lat' dir='ltr'><strong>Arabum</strong></span> <span class='ocrx_word' id='word_1_45' title='bbox 809 1662 1053 1732; x_wconf 88' lang='lat' dir='ltr'><strong>eruditionem</strong></span> <span class='ocrx_word' id='word_1_46' title='bbox 1071 1663 1174 1733; x_wconf 90' lang='lat' dir='ltr'><strong>scho-</strong></span> 
     </span>
     <span class='ocr_line' id='line_1_10' title="bbox 249 1785 1171 1880; baseline 0.003 -27"><span class='ocrx_word' id='word_1_47' title='bbox 249 1785 427 1866; x_wconf 85' lang='lat' dir='ltr'><strong>lasticam,</strong></span> <span class='ocrx_word' id='word_1_48' title='bbox 453 1785 731 1878; x_wconf 85' lang='lat' dir='ltr'><strong>systematicam‚</strong></span> <span class='ocrx_word' id='word_1_49' title='bbox 758 1785 1023 1856; x_wconf 86' lang='lat' dir='ltr'><strong>adducendum</strong></span> <span class='ocrx_word' id='word_1_50' title='bbox 1041 1789 1171 1880; x_wconf 84' lang='lat' dir='ltr'><strong>magis,</strong></span> 
     </span>
     <span class='ocr_line' id='line_1_11' title="bbox 250 1908 1172 2003; baseline 0.004 -26"><span class='ocrx_word' id='word_1_51' title='bbox 250 1933 357 2002; x_wconf 89' lang='lat' dir='ltr'><strong>quam</strong></span> <span class='ocrx_word' id='word_1_52' title='bbox 380 1910 426 1978; x_wconf 91' lang='lat' dir='ltr'><strong>ad</strong></span> <span class='ocrx_word' id='word_1_53' title='bbox 444 1908 722 1989; x_wconf 84' lang='lat' dir='ltr'><strong>inveniendum,</strong></span> <span class='ocrx_word' id='word_1_54' title='bbox 747 1908 792 1979; x_wconf 92' lang='lat' dir='ltr'><strong>ad</strong></span> <span class='ocrx_word' id='word_1_55' title='bbox 811 1909 960 1980; x_wconf 86' lang='lat' dir='ltr'><strong>inventa</strong></span> <span class='ocrx_word' id='word_1_56' title='bbox 977 1911 1172 2003; x_wconf 90' lang='lat' dir='ltr'><strong>disponen-</strong></span> 
     </span>
     <span class='ocr_line' id='line_1_12' title="bbox 247 2032 1172 2130; baseline 0.008 -31"><span class='ocrx_word' id='word_1_57' title='bbox 247 2032 293 2100; x_wconf 86' lang='lat' dir='ltr'><strong>da</strong></span> <span class='ocrx_word' id='word_1_58' title='bbox 305 2032 433 2124; x_wconf 82' lang='lat' dir='ltr'><strong>magis,</strong></span> <span class='ocrx_word' id='word_1_59' title='bbox 459 2055 568 2128; x_wconf 89' lang='lat' dir='ltr'><strong>quam</strong></span> <span class='ocrx_word' id='word_1_60' title='bbox 579 2032 625 2103; x_wconf 92' lang='lat' dir='ltr'><strong>ad</strong></span> <span class='ocrx_word' id='word_1_61' title='bbox 643 2033 811 2104; x_wconf 86' lang='lat' dir='ltr'><strong>scientias</strong></span> <span class='ocrx_word' id='word_1_62' title='bbox 830 2033 1025 2125; x_wconf 87' lang='lat' dir='ltr'><strong>augendas,</strong></span> <span class='ocrx_word' id='word_1_63' title='bbox 1047 2039 1172 2130; x_wconf 87' lang='lat' dir='ltr'><strong>ampli·</strong></span> 
     </span>
     <span class='ocr_line' id='line_1_13' title="bbox 247 2155 648 2259; baseline 0.002 -35"><span class='ocrx_word' id='word_1_64' title='bbox 247 2155 404 2225; x_wconf 88' lang='lat' dir='ltr'><strong>ficandas</strong></span> <span class='ocrx_word' id='word_1_65' title='bbox 431 2168 561 2228; x_wconf 88' lang='lat' dir='ltr'><strong>natam.</strong></span> <span class='ocrx_word' id='word_1_66' title='bbox 644 2250 648 2259; x_wconf 33' lang='grc' dir='ltr'>Ι</span> 
     </span>
    </p>

    <p class='ocr_par' dir='ltr' id='par_1_6' title="bbox 110 2274 1168 2501">
     <span class='ocr_line' id='line_1_14' title="bbox 110 2274 1168 2362; baseline 0.009 -16"><span class='ocrx_word' id='word_1_67' title='bbox 110 2274 217 2348; x_wconf 89' lang='lat'>111.</span> <span class='ocrx_word' id='word_1_68' title='bbox 248 2278 409 2351; x_wconf 83' lang='lat' dir='ltr'><strong>Arabum</strong></span> <span class='ocrx_word' id='word_1_69' title='bbox 431 2281 532 2351; x_wconf 87' lang='lat' dir='ltr'><strong>cultu</strong></span> <span class='ocrx_word' id='word_1_70' title='bbox 556 2281 661 2351; x_wconf 88' lang='lat' dir='ltr'><strong>simul</strong></span> <span class='ocrx_word' id='word_1_71' title='bbox 686 2280 823 2351; x_wconf 85' lang='lat' dir='ltr'><strong>iactum</strong></span> <span class='ocrx_word' id='word_1_72' title='bbox 847 2305 943 2362; x_wconf 86' lang='lat' dir='ltr'><strong>esse,</strong></span> <span class='ocrx_word' id='word_1_73' title='bbox 967 2295 1011 2353; x_wconf 90' lang='lat' dir='ltr'><strong>ut</strong></span> <span class='ocrx_word' id='word_1_74' title='bbox 1034 2283 1168 2355; x_wconf 87' lang='lat' dir='ltr'><strong>arctius</strong></span> 
     </span>
     <span class='ocr_line' id='line_1_15' title="bbox 249 2404 1135 2501; baseline 0.003 -27"><span class='ocrx_word' id='word_1_75' title='bbox 249 2404 551 2498; x_wconf 86' lang='lat' dir='ltr'><strong>conjungerentur</strong></span> <span class='ocrx_word' id='word_1_76' title='bbox 574 2406 663 2478; x_wconf 86' lang='lat' dir='ltr'><strong>varii</strong></span> <span class='ocrx_word' id='word_1_77' title='bbox 684 2405 779 2475; x_wconf 90' lang='lat' dir='ltr'><strong>orbis</strong></span> <span class='ocrx_word' id='word_1_78' title='bbox 806 2417 977 2475; x_wconf 89' lang='lat' dir='ltr'><strong>terrarum</strong></span> <span class='ocrx_word' id='word_1_79' title='bbox 1001 2408 1135 2501; x_wconf 86' lang='lat' dir='ltr'><strong>popuii.</strong></span> 
     </span>
    </p>

    <p class='ocr_par' dir='ltr' id='par_1_7' title="bbox 122 2523 1168 2998">
     <span class='ocr_line' id='line_1_16' title="bbox 122 2523 1168 2622; baseline 0.008 -28"><span class='ocrx_word' id='word_1_80' title='bbox 122 2523 215 2597; x_wconf 82' lang='lat' dir='ltr'><strong>lv.</strong></span> <span class='ocrx_word' id='word_1_81' title='bbox 246 2527 318 2621; x_wconf 87' lang='lat' dir='ltr'><strong>Qui</strong></span> <span class='ocrx_word' id='word_1_82' title='bbox 340 2530 447 2622; x_wconf 81' lang='lat' dir='ltr'><strong>vulgo</strong></span> <span class='ocrx_word' id='word_1_83' title='bbox 473 2530 771 2600; x_wconf 84' lang='lat' dir='ltr'><strong>animadvertitur</strong></span> <span class='ocrx_word' id='word_1_84' title='bbox 796 2528 958 2621; x_wconf 88' lang='lat' dir='ltr'><strong>chymiae</strong></span> <span class='ocrx_word' id='word_1_85' title='bbox 982 2542 1020 2599; x_wconf 90' lang='lat' dir='ltr'><strong>et</strong></span> <span class='ocrx_word' id='word_1_86' title='bbox 1045 2542 1168 2602; x_wconf 88' lang='lat' dir='ltr'><strong>anato-</strong></span> 
     </span>
     <span class='ocr_line' id='line_1_17' title="bbox 245 2651 1167 2749; baseline 0.003 -29"><span class='ocrx_word' id='word_1_87' title='bbox 245 2675 319 2724; x_wconf 91' lang='lat' dir='ltr'><strong>mcs</strong></span> <span class='ocrx_word' id='word_1_88' title='bbox 349 2657 637 2749; x_wconf 85' lang='lat' dir='ltr'><strong>antagonismus‚</strong></span> <span class='ocrx_word' id='word_1_89' title='bbox 661 2664 704 2723; x_wconf 89' lang='lat' dir='ltr'><strong>ut</strong></span> <span class='ocrx_word' id='word_1_90' title='bbox 723 2677 795 2747; x_wconf 87' lang='lat' dir='ltr'><strong>quo</strong></span> <span class='ocrx_word' id='word_1_91' title='bbox 818 2651 928 2742; x_wconf 82' lang='lat' dir='ltr'><strong>magis</strong></span> <span class='ocrx_word' id='word_1_92' title='bbox 956 2654 1097 2722; x_wconf 81' lang='lat' dir='ltr'><strong>exculta</strong></span> <span class='ocrx_word' id='word_1_93' title='bbox 1120 2656 1167 2724; x_wconf 90' lang='lat' dir='ltr'><strong>sit</strong></span> 
     </span>
     <span class='ocr_line' id='line_1_18' title="bbox 246 2778 1163 2873; baseline -0.002 -26"><span class='ocrx_word' id='word_1_94' title='bbox 246 2779 399 2873; x_wconf 86' lang='lat' dir='ltr'><strong>chymia,</strong></span> <span class='ocrx_word' id='word_1_95' title='bbox 421 2805 464 2850; x_wconf 91' lang='lat' dir='ltr'><strong>eo</strong></span> <span class='ocrx_word' id='word_1_96' title='bbox 483 2779 598 2872; x_wconf 84' lang='lat' dir='ltr'><strong>magis</strong></span> <span class='ocrx_word' id='word_1_97' title='bbox 610 2778 850 2871; x_wconf 83' lang='lat' dir='ltr'><strong>negligeretur</strong></span> <span class='ocrx_word' id='word_1_98' title='bbox 867 2785 1049 2855; x_wconf 86' lang='lat' dir='ltr'><strong>anatome,</strong></span> <span class='ocrx_word' id='word_1_99' title='bbox 1076 2799 1163 2845; x_wconf 88' lang='lat' dir='ltr'><strong>eun·</strong></span> 
     </span>
     <span class='ocr_line' id='line_1_19' title="bbox 244 2901 923 2998; baseline -0.009 -23"><span class='ocrx_word' id='word_1_100' title='bbox 244 2901 325 2975; x_wconf 92' lang='lat' dir='ltr'><strong>dem</strong></span> <span class='ocrx_word' id='word_1_101' title='bbox 347 2903 417 2974; x_wconf 89' lang='lat' dir='ltr'><strong>hac</strong></span> <span class='ocrx_word' id='word_1_102' title='bbox 439 2928 584 2998; x_wconf 89' lang='lat' dir='ltr'><strong>quoque</strong></span> <span class='ocrx_word' id='word_1_103' title='bbox 603 2913 723 2972; x_wconf 90' lang='lat' dir='ltr'><strong>aetate</strong></span> <span class='ocrx_word' id='word_1_104' title='bbox 743 2901 923 2994; x_wconf 87' lang='lat' dir='ltr'><strong>adparere.</strong></span> 
     </span>
    </p>

    <p class='ocr_par' dir='ltr' id='par_1_8' title="bbox 160 3015 1193 3848">
     <span class='ocr_line' id='line_1_20' title="bbox 160 3015 1164 3124; baseline -0.004 -25"><span class='ocrx_word' id='word_1_105' title='bbox 160 3015 213 3093; x_wconf 81' lang='lat' dir='ltr'><strong>V·</strong></span> <span class='ocrx_word' id='word_1_106' title='bbox 245 3031 341 3100; x_wconf 86' lang='lat' dir='ltr'><strong>Haec</strong></span> <span class='ocrx_word' id='word_1_107' title='bbox 361 3039 483 3098; x_wconf 89' lang='lat' dir='ltr'><strong>autern</strong></span> <span class='ocrx_word' id='word_1_108' title='bbox 504 3026 666 3120; x_wconf 81' lang='lat' dir='ltr'><strong>chymiae</strong></span> <span class='ocrx_word' id='word_1_109' title='bbox 689 3026 808 3095; x_wconf 88' lang='lat' dir='ltr'><strong>studia</strong></span> <span class='ocrx_word' id='word_1_110' title='bbox 830 3024 981 3094; x_wconf 81' lang='lat' dir='ltr'><strong>maxime</strong></span> <span class='ocrx_word' id='word_1_111' title='bbox 1005 3022 1164 3124; x_wconf 83' lang='lat' dir='ltr'><strong>discipli·</strong></span> 
     </span>
     <span class='ocr_line' id='line_1_21' title="bbox 245 3149 1163 3245; baseline -0.007 -21"><span class='ocrx_word' id='word_1_112' title='bbox 245 3177 311 3224; x_wconf 91' lang='lat' dir='ltr'><strong>nae</strong></span> <span class='ocrx_word' id='word_1_113' title='bbox 332 3151 492 3222; x_wconf 90' lang='lat' dir='ltr'><strong>medicae</strong></span> <span class='ocrx_word' id='word_1_114' title='bbox 518 3149 693 3245; x_wconf 88' lang='lat' dir='ltr'><strong>profuisse</strong></span> <span class='ocrx_word' id='word_1_115' title='bbox 715 3161 752 3220; x_wconf 92' lang='lat' dir='ltr'><strong>et</strong></span> <span class='ocrx_word' id='word_1_116' title='bbox 775 3150 919 3221; x_wconf 86' lang='lat' dir='ltr'><strong>detecta</strong></span> <span class='ocrx_word' id='word_1_117' title='bbox 938 3172 1058 3218; x_wconf 90' lang='lat' dir='ltr'><strong>rerum</strong></span> <span class='ocrx_word' id='word_1_118' title='bbox 1081 3172 1163 3218; x_wconf 86' lang='lat' dir='ltr'><strong>ana-</strong></span> 
     </span>
     <span class='ocr_line' id='line_1_22' title="bbox 244 3263 1164 3373; baseline -0.008 -24"><span class='ocrx_word' id='word_1_119' title='bbox 244 3278 310 3373; x_wconf 75' lang='lat' dir='ltr'><strong>lysi</strong></span> <span class='ocrx_word' id='word_1_120' title='bbox 333 3288 371 3347; x_wconf 88' lang='lat' dir='ltr'><strong>et</strong></span> <span class='ocrx_word' id='word_1_121' title='bbox 393 3263 501 3345; x_wconf 63' lang='lat' dir='ltr'><strong>noris=</strong></span> <span class='ocrx_word' id='word_1_122' title='bbox 514 3275 665 3367; x_wconf 87' lang='lat' dir='ltr'><strong>repertis</strong></span> <span class='ocrx_word' id='word_1_123' title='bbox 686 3272 825 3344; x_wconf 86' lang='lat' dir='ltr'><strong>auxiliis</strong></span> <span class='ocrx_word' id='word_1_124' title='bbox 847 3271 1106 3365; x_wconf 84' lang='lat' dir='ltr'><strong>therapeuticis</strong></span> <span class='ocrx_word' id='word_1_125' title='bbox 1124 3283 1164 3342; x_wconf 88' lang='lat' dir='ltr'><strong>et</strong></span> 
     </span>
     <span class='ocr_line' id='line_1_23' title="bbox 243 3395 1162 3490; baseline -0.013 -15"><span class='ocrx_word' id='word_1_126' title='bbox 243 3414 409 3475; x_wconf 82' lang='lat' dir='ltr'><strong>veterum</strong></span> <span class='ocrx_word' id='word_1_127' title='bbox 424 3399 662 3470; x_wconf 90' lang='lat' dir='ltr'><strong>medicamina</strong></span> <span class='ocrx_word' id='word_1_128' title='bbox 676 3397 826 3490; x_wconf 87' lang='lat' dir='ltr'><strong>parandi</strong></span> <span class='ocrx_word' id='word_1_129' title='bbox 844 3399 950 3469; x_wconf 89' lang='lat' dir='ltr'><strong>modo</strong></span> <span class='ocrx_word' id='word_1_130' title='bbox 968 3395 1162 3489; x_wconf 89' lang='lat' dir='ltr'><strong>plurimum</strong></span> 
     </span>
     <span class='ocr_line' id='line_1_24' title="bbox 243 3518 1162 3627; baseline -0.013 -27"><span class='ocrx_word' id='word_1_131' title='bbox 243 3525 452 3609; x_wconf 83' lang='lat' dir='ltr'><strong>emendat03</strong></span> <span class='ocrx_word' id='word_1_132' title='bbox 474 3534 517 3595; x_wconf 91' lang='lat' dir='ltr'><strong>ut</strong></span> <span class='ocrx_word' id='word_1_133' title='bbox 533 3524 712 3594; x_wconf 89' lang='lat' dir='ltr'><strong>recentior</strong></span> <span class='ocrx_word' id='word_1_134' title='bbox 727 3522 1042 3627; x_wconf 83' lang='lat' dir='ltr'><strong>phanmaceutice‚</strong></span> <span class='ocrx_word' id='word_1_135' title='bbox 1060 3518 1162 3589; x_wconf 89' lang='lat' dir='ltr'><strong>bisce</strong></span> 
     </span>
     <span class='ocr_line' id='line_1_25' title="bbox 241 3630 1193 3747; baseline -0.012 -25"><span class='ocrx_word' id='word_1_136' title='bbox 241 3652 393 3722; x_wconf 84' lang='lat' dir='ltr'><strong>maxime</strong></span> <span class='ocrx_word' id='word_1_137' title='bbox 431 3648 658 3731; x_wconf 87' lang='lat' dir='ltr'><strong>auctoribus,</strong></span> <span class='ocrx_word' id='word_1_138' title='bbox 698 3647 768 3718; x_wconf 90' lang='lat' dir='ltr'><strong>hac</strong></span> <span class='ocrx_word' id='word_1_139' title='bbox 799 3645 1011 3741; x_wconf 88' lang='lat' dir='ltr'><strong>praesertim</strong></span> <span class='ocrx_word' id='word_1_140' title='bbox 1042 3653 1162 3747; x_wconf 87' lang='lat' dir='ltr'><strong>aetate</strong></span> <span class='ocrx_word' id='word_1_141' title='bbox 1190 3630 1193 3636; x_wconf 67' lang='grc'><strong>’</strong></span> 
     </span>
     <span class='ocr_line' id='line_1_26' title="bbox 244 3777 419 3848; baseline -0.023 -1"><span class='ocrx_word' id='word_1_142' title='bbox 244 3780 291 3848; x_wconf 84' lang='lat' dir='ltr'><strong>sit</strong></span> <span class='ocrx_word' id='word_1_143' title='bbox 311 3777 419 3847; x_wconf 87' lang='lat' dir='ltr'><strong>culta.</strong></span> 
     </span>
    </p>
   </div>
   <div class='ocr_carea' id='block_1_5' title="bbox 107 3863 1164 3993">
    <p class='ocr_par' dir='ltr' id='par_1_9' title="bbox 107 3863 1164 3993">
     <span class='ocr_line' id='line_1_27' title="bbox 107 3863 1164 3993; baseline -0.008 -21"><span class='ocrx_word' id='word_1_144' title='bbox 107 3863 190 3957; x_wconf 65' lang='lat' dir='ltr'><strong>vl·</strong></span> <span class='ocrx_word' id='word_1_145' title='bbox 243 3901 345 3974; x_wconf 85' lang='lat' dir='ltr'><strong>Licet</strong></span> <span class='ocrx_word' id='word_1_146' title='bbox 362 3922 488 3993; x_wconf 82' lang='lat' dir='ltr'><strong>magna</strong></span> <span class='ocrx_word' id='word_1_147' title='bbox 506 3898 616 3972; x_wconf 81' lang='lat' dir='ltr'><strong>fuerit</strong></span> <span class='ocrx_word' id='word_1_148' title='bbox 632 3899 728 3971; x_wconf 89' lang='lat' dir='ltr'><strong>inter</strong></span> <span class='ocrx_word' id='word_1_149' title='bbox 749 3898 904 3992; x_wconf 84' lang='lat' dir='ltr'><strong>singulos</strong></span> <span class='ocrx_word' id='word_1_150' title='bbox 924 3892 1085 3965; x_wconf 88' lang='lat' dir='ltr'><strong>Arabum</strong></span> <span class='ocrx_word' id='word_1_151' title='bbox 1102 3906 1164 3972; x_wconf 80' lang='lat' dir='ltr'><strong>au-j</strong></span> 
     </span>
    </p>
   </div>
   <div class='ocr_carea' id='block_1_6' title="bbox 0 0 1280 5040">
    <p class='ocr_par' dir='ltr' id='par_1_10' title="bbox 0 0 1280 5040">
     <span class='ocr_line' id='line_1_28' title="bbox 0 0 1280 5040; baseline 0 1"><span class='ocrx_word' id='word_1_152' title='bbox 0 0 1280 5040; x_wconf 95' lang='lat' dir='ltr'><strong> </strong></span> 
     </span>
    </p>
   </div>
  </div>
 </body>
</html>
