2566 5040
158 388 216 462 292
442 396 461 468 .j
503 397 690 456 MEDICINA
709 395 868 457 numer.
924 409 927 414 ⁴

161 573 425 672 perquirerent,
451 573 582 643 iterum
600 586 788 645 recusante
810 574 1000 646 trassero·
1043 575 1215 651 Examen·

162 724 249 774 vero
263 695 407 769 admisit
416 695 574 770 o’E'sror.
602 697 647 769 lii
656 727 668 778 ‚⁴
685 721 725 768 re
741 698 937 791 explorata,
954 683 1203 786 declararunt,

163 821 390 918 apparatum
411 821 651 915 magnetioum
684 820 870 914 (b'ooquet)
903 845 1011 915 quem
1053 825 1206 898 oireum-
1264 918 1267 923 ‚

93 1015 96 1019 .
164 945 339 1018 sedebant
357 946 470 1040 aegri,
495 947 628 1016 nullam
644 943 777 1014 habere
794 946 866 1016 vim
879 945 1123 1044 manifestam.
1143 973 1207 1021 ne-

160 1095 233 1167 que
252 1071 474 1151 erectricem,
500 1093 568 1140 nee
590 1068 835 1161 magnetieam.
885 1070 1064 1141 Contactu
1077 1084 1129 1161 ¹et
1146 1072 1231 1143 ffi„

161 1193 343 1267 otionibus
371 1193 410 1265 in
435 1194 515 1265 aliis
537 1192 651 1278 nihil,
684 1193 723 1260 in
746 1191 824 1262 aliia
837 1202 977 1284 'graves
1003 1193 1090 1264 oieri
1121 1219 1209 1266 oona

161 1317 361 1399 vulsiones,
386 1316 568 1412 hujusque
597 1313 746 1385 remedii
776 1337 925 1410 oapaees
945 1318 1089 1388 vinculo
1117 1345 1207 1413 quo·

160 1442 244 1515 <lom
260 1442 359 1514 neoti
377 1452 414 1515 et
432 1441 604 1536 potestati
622 1438 753 1510 artifici
770 1438 951 1534 subjectos
976 1465 1067 1512 esse.
1107 1441 1207 1536 Quo·

161 1569 259 1638 niam
280 1590 365 1640 vero
383 1564 537 1650 'sanatio
557 1563 760 1635 morborum
781 1586 856 1633 non
880 1564 965 1634 satie
990 1563 1206 1638 methodum

161 1691 347 1787 probaret:
375 1689 535 1785 quidque
553 1701 722 1775 naturae,
748 1687 846 1783 quid‘
865 1686 1024 1760 remedio
1044 1679 1206 1775 tribuem

160 1817 264 1905 dum,
285 1817 463 1886 incertum
476 1800 594 1893 esset,
620 1810 762 1906 haeque
779 1812 898 1906 ipsum
921 1811 1074 1884 dubium
1094 1812 1203 1884 hobe-

80 1960 82 1963 ·
160 1952 279 2022 retur,
311 1941 551 2035 experimenta
573 1946 677 2029 capta
702 1946 786 2004 sunt
812 1937 851 2005 in
873 1958 1020 2029 corpore
1049 1960 1137 2007 sano
1165 1950 1202 2010 et

160 2087 287 2157 aegro,
312 2062 444 2159 quibus
475 2059 870 2140 oonataro'ridebatur,
895 2059 1123 2153 phantasiam
1145 2087 1199 2134 eo-

159 2187 231 2256 lam
246 2197 378 2257 cuneta
395 2204 498 2276 posse
517 2182 697 2253 oonoitare
715 2183 963 2277 phaenomena
981 2188 1180 2278 magnetica
1186 2212 1196 2272 3

157 2331 270 2404 quare
291 2307 380 2376 huie
396 2307 466 2400 ipsi
478 2295 515 2377 et
531 2306 713 2376 contactui
729 2318 767 2390 et
781 2305 945 2377 imitandi
962 2309 1086 2381 studio
1106 2334 1198 2405 mog·

158 2433 353 2506 notismum
378 2430 566 2505 animalem
591 2430 807 2527 tribuerunt.

164 2595 167 2600 ·
206 2556 307 2628 liaeo
334 2554 444 2648 igitur
471 2553 543 2626 luit
570 2554 698 2626 horum
727 2556 885 2625 virorum
915 2560 1116 2643 sententia,
1140 2560 1198 2634 eui

159 2668 394 2760 addiderunt.
414 2678 688 2784 magnetipmum
700 2679 906 2760 animalem,
926 2680 1013 2775 quia
1030 2655 1130 2755 haud
1146 2709 1199 2756 ra-

157 2829 198 2876 ro
219 2801 469 2876 convulsionos
486 2813 621 2883 movet,
648 2801 846 2873 remedium
864 2828 941 2875 esse
959 2805 1106 2876 minime
1121 2827 1199 2901 par·

157 2929 195 3000 vi
218 2927 473 3022 pendendum,
499 2928 607 2998 irnmo
629 2926 772 3019 saepius
795 2928 1021 3013 nociturum,
1048 2943 1113 3004 aut
1137 2956 1198 3027 po·

156 3050 264 3123 riculi
283 3053 440 3146 plenum.
768 3048 769 3051 '
862 3064 865 3070 '
1005 3047 1007 3051 ’

161 3210 164 3219 ·
204 3177 284 3249 Non
296 3166 516 3256 mirumest,
540 3165 899 3271 noque'llusnenurr,'
921 3193 1040 3276 neque
1055 3181 1199 3255 n’llsro·

72 3319 76 3327 ·
156 3302 246 3382 turn
271 3321 391 3393 neque
418 3299 507 3369 alios
537 3301 590 3370 rei
616 3300 772 3372 fautores
795 3302 851 3372 his
874 3314 1063 3377 contentos
1087 3307 1198 3379 luisse

156 3423 276 3496 effatis
299 3434 339 3494 et
357 3421 510 3516 plurima
535 3424 605 3495 hoe
631 3438 791 3520 tempore
810 3427 909 3499 edita
938 3451 1016 3500 esse
1043 3431 1199 3525 scripta,
1248 3414 1254 3420 ⁴

154 3566 248 3643 quae
264 3545 539 3629 earelutarant,
556 3549 753 3644 tumipsius
764 3552 930 3633 n'Estom
942 3564 1020 3624 tum
1034 3554 1198 3631 aliorum.

202 3673 277 3744 Neo
298 3683 419 3742 tamen
444 3672 591 3744 ridetur
614 3674 667 3744 rei
692 3674 845 3744 multum
870 3677 1038 3748 *nocuisse
1068 3676 1114 3748 ab
1143 3680 1219 3752 his.

153 3796 240 3866 viris
257 3796 395 3887 prolata
426 3796 622 3877 sententia,
649 3820 731 3867 cum
753 3811 852 3870 extra
873 3801 1089 3894 metropolin
1106 3829 1201 3899 quo·

113 3987 114 3990 ,
154 3941 226 4011 quo
259 3917 446 4012 propagari
477 3921 637 4010 eoeperit
668 3923 832 3994 Masmm
860 3925 1000 4019 proris,
1034 3949 1199 4018 praeser·
1253 3968 1258 3975 ·

154 4041 221 4126 tim
239 4039 388 4132 fratrum
414 4064 462 4117 ou
487 4020 688 4127 Purs‘r'om,
716 4048 879 4149 virorum¹
893 4048 1201 4125 nobilissimorum
