2566 5040
119 394 174 459 114
362 392 424 456 DE
457 392 704 456 MEDICINA
739 391 929 457 ARABUM

118 572 260 647 Arabes
278 582 424 657 secutus
446 583 516 650 estg
542 570 752 670 praesertim
780 572 855 645 Eas
879 570 1061 656 occurs,
1085 586 1106 646 tr

117 699 158 768 in
174 696 338 793 reliquis,
364 719 470 790 quam
488 697 524 765 in
541 696 672 788 regulis
694 696 901 789 explorandi
921 698 1106 770 remediou

120 822 285 893 virtutes.
329 821 381 891 Iu
404 821 568 916 rariolis,
595 831 676 912 post
703 820 1034 914 antiplrlo'gisticam
1056 824 1105 915 pri

119 943 228 1014 stadii
262 932 406 1027 euram,
444 946 575 1014 mirum
611 945 762 1014 adhibet
794 968 906 1038 genus
939 947 1106 1021 medicina

117 1069 302 1140 salitorem
323 1070 472 1141 scilicet.
523 1065 526 1069 ’
683 1072 685 1074 ’
1008 1149 1019 1162 ,

168 1194 223 1263 En
247 1193 391 1281 schema
423 1196 540 1288 operis
559 1194 604 1263 ad
625 1193 823 1264 medicinae
855 1190 1051 1267 Galenicae
1079 1221 1106 1269 nr

40 1308 42 1312 Α
116 1340 213 1421 marn
248 1320 398 1400 exarati,
432 1318 530 1414 quod
558 1318 644 1413 quia
673 1316 886 1387 scholastico
917 1321 1031 1390 seculi
1057 1345 1106 1415 ger

116 1443 325 1536 respondet,
352 1443 484 1538 ecquid
505 1442 649 1523 mirum,
675 1467 739 1536 per
754 1453 938 1513 sexcentos
954 1443 1030 1516 fere
1047 1468 1106 1521 nun

118 1567 268 1637 unicum
295 1590 407 1661 prope
431 1566 540 1637 luisse
565 1567 816 1660 compendium
837 1566 1039 1649 medicum,
1060 1592 1106 1664 qu

117 1691 157 1761 in
192 1690 322 1761 scholis
355 1700 592 1785 sequerentur
634 1692 767 1790 medici
794 1692 906 1786 inque
938 1692 997 1762 his
1031 1693 1106 1813 sebo

117 1816 342 1905 medicorum
370 1837 435 1907 per
465 1824 581 1883 totum
607 1815 677 1885 hoc
710 1827 848 1907 tempus
878 1838 1045 1908 regnasse
1072 1815 1105 1889 A

118 1950 276 2020 causan,
302 1950 484 2032 tamquam
503 1936 681 2011 Gerasus
701 1936 915 2010 redivivum.

183 2066 301 2158 Hujus
333 2062 530 2160 discipulus
567 2062 676 2141 luisse
708 2061 821 2132 fertur
859 2063 983 2154 Mesua
1016 2065 1106 2160 juni<

117 2187 201 2275 lide⁵
234 2187 474 2272 Christianus,
514 2187 579 2281 qui
613 2185 778 2256 omnibus
816 2191 1036 2280 praecellere
1071 2213 1105 2281 pr

117 2314 263 2385 ridetur
282 2312 376 2395 inter
402 2312 536 2405 Arabes
557 2311 602 2381 de
623 2310 773 2379 materia
794 2312 935 2382 medica
954 2315 1106 2393 auctori}

115 2450 158 2508 et
176 2436 224 2508 ob
243 2446 432 2531 praecepta
450 2417 681 2506 saluberrime
697 2435 742 2505 de
759 2436 928 2506 remediis
946 2438 1106 2528 adhibeor

119 2572 159 2632 et
187 2561 237 2631 ob
262 2561 436 2632 saniorem
467 2559 635 2628 formulas
666 2558 896 2636 medicinales
922 2562 1106 2635 concinnat

116 2686 339 2758 methodum.
390 2683 726 2755 commemorandus
760 2686 868 2755 etiam
895 2695 951 2755 est
975 2684 1106 2756 Acuca

116 2831 202 2894 seu,
228 2812 359 2891 unicus
380 2810 455 2881 lere
482 2810 578 2900 inter
601 2809 749 2902 Arabes
764 2811 810 2881 de
836 2809 1021 2902 chirurgia
1037 2831 1104 2880 auc

118 2948 157 3008 et
172 2935 259 3007 artis
277 2916 491 3004 dexteritate
510 2944 548 3004 et
567 2933 719 3004 audacia
738 2958 818 3004 cum
837 2935 961 3017 Probo
985 2933 1106 3026 Aegio<

96 3057 396 3153 comparandus,
420 3081 529 3152 quem
552 3058 777 3150 potissimum
801 3057 948 3128 videtur
965 3057 1106 3128 imitatu

102 3242 105 3247 ⁴
166 3183 247 3254 Jam
269 3180 315 3251 ad
339 3203 421 3251 eum
441 3204 691 3275 properamus,
716 3204 823 3275 quem
844 3182 951 3251 tertio
969 3182 1051 3253 loco
1069 3183 1105 3252 in

115 3305 297 3402 principes
311 3303 472 3374 Arabum
488 3305 644 3375 medicos
665 3281 944 3402 nominavimus,
961 3307 1037 3378 ΕΒΗ
1051 3310 1106 3379 Z'o]

115 3433 224 3504 Hunc
246 3429 375 3501 vixisse
400 3440 484 3500 ante
505 3429 751 3509 macunen,
773 3440 909 3499 certum
934 3442 1008 3518 est.;
1033 3456 1106 3503 cum

113 3558 215 3629 illum
232 3555 342 3648 justis
363 3552 572 3649 magnisque
592 3552 791 3646 praeconiis
812 3553 958 3622 extollat
981 3567 1106 3650 vocetq

114 3677 380 3760 admirabilem,
414 3679 637 3773 gloriosum„
662 3675 834 3749 scientiae
867 3679 983 3749 omnis
1016 3680 1106 3750 thess

113 3825 194 3872 rum
213 3816 323 3899 atque
343 3805 382 3873 in
396 3803 576 3873 medicina
596 3814 676 3895 post
695 3799 838 3898 Giano
856 3812 1017 3896 tempora
1037 3827 1106 3897 sup

114 3913 223 4000 mum.
272 3931 401 4012 Natus,
432 3929 557 4000 saltem
584 3926 651 4029 diu
670 3936 906 3997 commoratus
940 3939 997 3998 est
1024 3928 1106 4022 llisp
