2566 5040
141 369 202 437 nn
441 368 887 467 rnnntwlnrnn

382 549 560 622 hactenus
581 575 623 621 ex
644 550 888 622 mechanismo
920 561 998 622 tota
1027 549 1190 645 pendens

381 649 534 769 euinque
572 700 615 745 eo
650 687 749 746 arcte
784 677 979 747 cohaerens
1015 674 1186 770 deinceps

381 800 492 890 magis
522 801 704 894 magisque
731 800 776 870 ab
806 803 883 894 ipso
907 799 1049 892 sejungi
1077 823 1120 870 ac
1141 799 1183 869 li·

377 921 496 991 berari
519 947 663 1016 prorsus
691 923 766 993 visa
787 936 852 995 est.
902 923 1047 1018 Etenim
1075 922 1184 996 utin

379 1069 489 1139 regno
509 1058 681 1130 naturae,
707 1023 758 1118 sic
781 1049 916 1140 pariter
946 1048 986 1118 in
1014 1044 1101 1117 orbe
1132 1048 1183 1120 in·

379 1170 596 1254 tellectuali,
621 1171 755 1241 sivein
781 1194 890 1266 regno
917 1170 1103 1253 idearum,
1127 1171 1182 1244 ni·

377 1292 431 1362 hil
453 1293 497 1363 fit
516 1317 580 1387 per
596 1294 718 1365 saltus.

287 1417 354 1500 vl.
379 1417 514 1491 Ultimo
539 1416 761 1488 notandum:
787 1419 827 1489 in
854 1403 973 1513 patria
997 1432 1122 1512 nostra
1142 1434 1177 1496 et

375 1542 446 1613 hac
476 1541 673 1613 Academia
700 1543 1049 1636 Lugduno·Batava
1078 1547 1178 1618 scho-

373 1667 481 1761 laque
500 1665 721 1736 medicorum
744 1667 1046 1762 quemadmodum
1066 1670 1176 1742 medi·

378 1792 460 1861 cina
481 1789 815 1877 chymica,snv10‚
838 1793 1017 1864 medicina
1036 1794 1174 1867 mecha·

376 1916 483 1996 nica,
513 1915 751 1984 Bonnnaano
781 1916 918 1986 cultore
941 1916 1088 2002 floruit,
1126 1921 1173 1992 cio

373 2039 590 2110 medicinam
612 2039 836 2135 dynamioam
862 2040 1043 2126 floruisse,
1065 2045 1172 2116 culto·

373 2184 414 2234 rc
438 2165 640 2245 thrnno,
667 2164 726 2234 cui
746 2165 784 2235 in
803 2165 902 2235 hisce
926 2179 1169 2240 successerunt

370 2287 606 2360 normanus
631 2270 806 2383 orimum,
831 2289 964 2364 deinde
988 2292 1170 2366 Bnocntn·

370 2431 452 2484 aros.

432 2871 860 2934 coc.corcnn

472 3007 746 3097 'rnenw.

170 3284 350 3360 Suscitata
367 3308 432 3382 per
452 3286 651 3389 Haunacn
667 3287 713 3360 de
732 3286 887 3381 partium
906 3310 1013 3359 sensu
1031 3302 1070 3360 et
1088 3289 1163 3361 ini

119 3411 300 3484 tabilitate
322 3416 566 3485 controversia
589 3415 628 3485 in
646 3413 888 3484 musculorum
909 3424 947 3483 et
970 3436 1162 3486 nervorum

116 3537 211 3610 vires
245 3563 289 3610 ac
329 3537 441 3610 vitam
477 3551 616 3624 mentes
656 3524 880 3608 medicorum
924 3550 1160 3610 converterat.

116 3661 177 3733 Sic
198 3664 381 3760 antiquior
409 3662 618 3759 pathologia
644 3661 835 3733 humorum
862 3660 901 3731 in
919 3661 1163 3760 pathologiam

116 3787 221 3858 solidi
245 3789 320 3860 vivi
340 3799 479 3861 mutata
504 3800 559 3859 est
581 3799 690 3883 atque
717 3808 928 3864 nervorum,
953 3810 1048 3878 quae
1070 3787 1163 3857 dici-

1 3944 3 3946 ·
113 3919 193 3990 tur,
219 3912 359 3984 theoria
388 3915 545 4008 prodiit,
571 3915 610 3983 in
637 3903 777 4008 quaer
807 3933 935 4000 genere
965 3929 1162 3983 nervorum

113 4047 320 4129 aegrotante
339 4036 702 4112 morborum'natalia
730 4033 997 4129 repetebantur.
1047 4025 1165 4108 Horr·
