2566 5040
329 392 594 456 PllYSIOLOGlA
614 394 964 470 uxrumttttrtrams.
1114 391 1174 456 277

131 571 293 664 inprimis
307 572 500 665 Anglorum
516 580 589 653 est,
609 593 720 662 qnae,
740 569 951 642 florentibus
969 568 1166 663 disciplinis

131 698 287 791 physicis
304 706 342 765 et
365 693 551 787 chymicis,
575 693 612 761 in
632 694 773 786 Europa
791 694 1025 788 percrebruit.
1060 694 1164 766 Com·

130 818 365 888 mendaserat
386 842 465 887 eam
482 818 640 888 Bacchus
660 815 815 907 Anglus,
839 817 925 890 nori
948 816 1044 889 orbis
1060 816 1167 890 Ams-

106 962 301 1013 aornsss:
341 941 556 1013 adhibuerat
585 943 797 1024 llanvsnns3
832 938 879 1010 ad
906 939 1162 1036 physiologiam

132 1063 380 1147 excolendam,
404 1076 485 1159 post
506 1065 726 1143 Humanum,
752 1063 868 1133 causi
886 1075 970 1134 sunt
993 1065 1165 1158 permulti

130 1212 211 1259 cum
231 1190 357 1282 Angli,
381 1201 458 1261 tum
479 1189 607 1259 horum
621 1185 670 1257 αά
681 1187 914 1292 exemplaret
933 1188 1061 1260 Franci
1079 1187 1163 1283 ipsi·

126 1335 198 1406 que
218 1311 398 1384 Germani.
782 1311 784 1316 ’
1130 1330 1132 1338 ’

177 1436 224 1506 Et
247 1457 289 1505 ex
311 1435 453 1505 Francis
482 1435 630 1530 quidem
659 1433 912 1506 celeberrimus
945 1433 1164 1530 experimen·

127 1569 224 1628 tator
255 1561 447 1643 llscunmu
476 1581 574 1651 spem
598 1558 763 1652 concepit
790 1555 886 1639 lore,
918 1569 960 1631 ut
987 1581 1053 1654 per
1082 1582 1162 1630 eam

128 1681 236 1754 condi
274 1683 386 1776 possit
424 1680 642 1776 physiologia
675 1681 959 1774 experimentalis
991 1683 1070 1755 reri
1099 1706 1162 1754 no·

126 1807 245 1878 minis.
293 1808 424 1900 Itaque
451 1805 713 1876 sivesectiones
750 1803 843 1884 fieri,
877 1828 941 1898 per
975 1829 1034 1876 eas
1063 1807 1161 1878 vitae
1261 1810 1266 1820 '

126 1929 331 2003 functiones
357 1928 542 2011 illustrari,
568 1948 733 2021 novaque
757 1927 908 1999 scicntia
928 1928 1025 2000 sitae
1048 1930 1161 2002 creari

124 2055 256 2147 coepit.
275 2029 411 2147 Horum
428 2051 750 2149 experimentorum
770 2062 922 2124 eventus
940 2053 1077 2135 rarius,
1092 2077 1161 2125 uec

121 2201 206 2248 raro
234 2176 455 2257 fortunatus,
480 2175 674 2271 praecipue
693 2174 731 2245 in
757 2173 974 2273 explicandis
999 2176 1161 2250 obscuris

119 2302 296 2372 hactenus
316 2309 507 2373 nervorum
525 2300 743 2373 muneribus.
792 2297 880 2372 Nam
895 2299 935 2371 in
953 2301 1161 2395 neurologia

123 2400 374 2518 amplificanda
395 2425 558 2519 inprimis
577 2428 785 2499 versabatur
807 2424 1050 2508 medicorum,
1074 2434 1161 2511 aua-j

122 2548 336 2620 tomicorum
373 2558 411 2618 et
444 2546 730 2642 physiologorum
766 2547 963 2641 industria3
999 2573 1072 2642 quo
1104 2549 1161 2620 fa·

122 2684 220 2745 ctum
241 2682 311 2752 est,
331 2681 374 2743 ut
394 2671 497 2743 nervi
516 2672 659 2742 motorii
675 2696 697 2742 a
715 2668 881 2742 sensoriis
897 2668 1159 2766 distingueren-

120 2809 202 2877 tur,
223 2795 347 2865 unm
366 2794 476 2889 Angli
495 2818 620 2889 opera,
635 2807 678 2866 ut
694 2794 741 2867 de
761 2817 872 2865 nervo
888 2793 1059 2886 vagmde
1077 2819 1158 2868 uer·

118 2920 175 2993 ris
196 2918 375 2999 censoriis,
400 2918 447 2988 de
468 2890 630 3001 cdrebro,
654 2919 701 2992 de
719 2918 875 2990 medulla
894 2916 1156 3018 spinalideque
1257 2940 1260 2945 ’

119 3045 199 3139 ipso
239 3064 350 3114 nervo
397 3042 616 3140 sympathico
656 3042 945 3138 physiologorum
989 3041 1156 3138 dogmata

120 3164 304 3238 emendari
322 3188 497 3262 suumque
511 3168 657 3262 singulis
678 3167 814 3262 generis
831 3189 1023 3239 nervorum
1043 3181 1156 3266 syste-

118 3291 277 3363 matibus
312 3291 352 3359 in
379 3291 585 3362 oeconomia
618 3290 761 3363 animali
789 3313 919 3360 munus
948 3289 1154 3368 adcuratius

116 3414 263 3487 definiri
279 3409 455 3507 potuerit:
482 3438 634 3512 eumque
664 3416 764 3508 prius
786 3414 879 3486 rasis
900 3415 1153 3512 sanguinisque

119 3538 285 3611 officinae
302 3537 340 3606 iu
364 3560 407 3608 ea
429 3540 564 3634 primae
584 3539 828 3612 tribuerentur
853 3549 989 3631 partes,
1008 3540 1086 3633 jam
1103 3542 1151 3615 ad

116 3685 250 3734 nervos
279 3684 540 3758 nervorumque
569 3676 691 3735 centra
718 3661 878 3734 dolatum
905 3661 952 3731 sit
980 3685 1148 3757 reguum,

115 3784 248 3880 quibus
268 3809 340 3876 non
361 3796 501 3856 tantum
527 3810 649 3858 sensus
667 3799 704 3858 et
727 3796 863 3866 motus,
891 3809 1015 3858 rerum
1039 3787 1149 3858 etiam

112 3909 191 3980 vita
211 3909 359 3999 plastica
380 3907 574 3991 moderari,
600 3924 820 4003 compertum
844 3920 908 3978 est.

171 4031 255 4104 Fuit
286 4033 395 4126 igitur
419 4034 509 4104 haec
538 4033 707 4133 periodus
735 4033 895 4106 florentis
925 4043 963 4105 et
995 4017 1149 4127 vigentis
