2566 5040
188 1522 427 1584 nrsroarr
456 1516 730 1584 anormala
757 1518 990 1598 laurona.

117 1895 180 1972 Uti
203 1894 355 1968 historia
371 1890 609 1966 scientiarum
635 1892 735 1967 ritae
760 1891 920 1989 ipsarum
947 1894 1106 1966 namatio

66 2034 143 2104 est,
169 2022 221 2095 ita
243 2019 444 2092 medicinae
465 2017 616 2090 historia
635 2018 769 2112 pariter
787 2019 898 2113 hujus
913 2019 1105 2121 originem,

15 2192 27 2232 r
65 2157 206 2218 aetates
229 2166 444 2239 omnemque
465 2143 577 2216 vitam
599 2142 860 2238 complectitur.
909 2141 974 2213 Est
1003 2144 1042 2213 in
1063 2168 1108 2216 ea

61 2269 295 2342 volventibus
316 2266 460 2339 ⁴seculis
493 2278 671 2360 perpetua
708 2266 957 2340 evolutionum
998 2267 1108 2340 series
1145 2265 1148 2270 ’
1186 2297 1190 2305 ’

61 2390 404 2473 animadvertenda,
428 2415 523 2486 quae
544 2392 674 2485 partim
695 2402 855 2461 aetatum
879 2391 1019 2484 generis
1041 2391 1110 2462 bu-

60 2514 162 2585 mani
187 2516 351 2608 genium,
376 2516 508 2609 partim
538 2494 699 2609 gentium
730 2513 888 2585 indolem
921 2515 1106 2609 sequitur:
1149 2498 1153 2507 ¹

59 2620 354 2733 quocirca,'cum
381 2639 521 2734 generis
552 2639 701 2710 humani
726 2639 910 2733 ipsiusque
940 2638 1108 2733 humani·

60 2763 153 2833 tatis
194 2742 347 2833 historia
388 2774 487 2834 arcto
515 2774 660 2835 tenetur
699 2761 922 2854 cognationis
961 2762 1105 2832 vinculo

60 2900 175 2984 atque
195 2911 240 2958 ex
264 2887 363 2958 vario
392 2884 536 2956 demum
564 2885 700 2978 ingenii
728 2885 830 2955 cultu
853 2882 1006 2978 intelligi
1032 2885 1105 2958 rite

60 3024 101 3084 ct
120 3010 290 3105 explicari
311 3022 442 3104 potest.
489 3010 568 3081 lloo
593 3009 729 3104 ingenii
750 3006 853 3079 carltu
874 3009 1111 3102 quemadmo·
1158 3063 1162 3077 .

58 3137 150 3208 dum
167 3134 291 3230 gentes
310 3112 504 3228 plurimum
528 3133 718 3215 differunt,
743 3132 795 3202 sic
819 3129 944 3203 differt
964 3135 1100 3230 pariter
1202 3128 1204 3131 ¹

55 3260 262 3332 medicinae
292 3258 470 3338 conditio,
505 3260 608 3350 cujus
637 3258 676 3326 in
700 3256 849 3328 Oriente
877 3256 1040 3340 initium,
1065 3260 1105 3332 in

42 3383 210 3458 ‚Graecia
234 3381 440 3475 etLatinis
464 3381 703 3461 incrementa,
736 3381 776 3449 in
800 3378 1014 3456 Germaniae
1039 3385 1104 3458 de.

54 3508 172 3602 nique
194 3507 342 3602 populis,
362 3507 521 3599 vigorem
547 3501 736 3596 cemimus.

106 3631 331 3711 Orientales,
367 3628 513 3712 Graeci,
551 3629 670 3700 Latini
714 3627 942 3701 constituunt
976 3631 1102 3707 orbem
1226 3663 1228 3666 ⁴

54 3763 243 3841 veterem,
268 3754 314 3825 ad
331 3778 440 3850 quem
464 3753 624 3848 pertinet
644 3752 796 3824 historia
823 3753 1024 3828 medicinae
1041 3782 1104 3830 an·

54 3878 182 3973 tique.
207 3901 316 3973 quam
332 3841 453 3974 priore
473 3876 543 3951 hae
556 3876 639 3951 libri
655 3889 757 3973 parte
775 3879 1102 3979 interpretabimur.
1168 3952 1170 3958 .

902 4137 915 4194 l
