2566 5040
430 350 920 441 nr'rrocaarrcr.
1072 440 1078 475 ὖ
1157 378 1197 441 tr
1270 459 1272 463 Ι

153 555 234 637 ltus,
244 550 385 648 'pituita
401 554 531 651 hyeme
545 568 706 650 augetur.
731 557 830 628 Haec
848 554 1073 648 enim-hyemi
1088 555 1202 625 mari-

153 698 212 749 mc
225 681 431 751 secundum
459 687 621 774 naturam
640 680 810 750 convenit
825 705 867 752 ex
885 678 1049 750 omnibus
1065 679 1103 747 in
1120 702 1198 748 cor-

151 804 497 895 pore'existentibus.
519 805 614 876 Vere
626 806 768 896 sanguis
778 805 950 897 augescit;
960 802 1006 872 ab
1021 801 1197 872 imbribus

152 905 325 998 videlicet
343 939 381 998 et
405 917 614 998 calidiorum
638 929 782 998 dianam
796 939 928 1021 tepore.
978 929 1075 996 Haec
1096 926 1195 997 enim

153 1050 236 1125 anni
262 1074 343 1144 pars
365 1022 517 1122 malina
540 1053 651 1146 juxta
667 1063 831 1122 naturam
849 1053 917 1144 ipsi
937 1024 1124 1136 convenit,
1150 1062 1194 1118 ut

152 1197 246 1266 quae
266 1175 383 1245 calida
407 1187 444 1246 et
462 1175 610 1245 humida
632 1177 770 1245 existat.
820 1177 882 1268 Est
906 1175 1002 1244 enim
1020 1175 1196 1244 humidus·

154 1307 189 1364 et
202 1296 352 1368 calidus.
400 1297 453 1369 At
471 1322 559 1377 vero
583 1311 719 1370 aestate
742 1298 825 1368 bilis
844 1300 882 1367 in
903 1320 1049 1389 corpore
1079 1297 1191 1365 artol-

150 1419 235 1488 litm·
262 1431 302 1489 et
335 1433 459 1515 usque
483 1424 531 1507 in
554 1436 765 1493 autumnum
791 1421 994 1515 porrigitur.
1052 1421 1097 1490 ln
1127 1445 1191 1490 au·

151 1553 274 1614 tumno
293 1551 385 1615 vero'
399 1543 542 1641 sanguis
565 1548 727 1617 modicus
758 1546 820 1634 fit3
846 1544 1062 1615 contrarium
1091 1545 1187 1613 enim

150 1668 223 1746 eius
255 1679 408 1741 naturae
434 1672 473 1741 id
505 1660 646 1765 tempus
669 1670 800 1742 existit.
851 1670 939 1746 Bilis
969 1680 1088 1738 autem
1121 1674 1190 1761 per

148 1803 318 1862 aestatem
345 1766 622 1865 et'autumnum
651 1819 779 1887 corpus
808 1793 977 1886 possidet.
1035 1791 1187 1884 Sanguis

146 1938 230 1986 vero
256 1929 431 1988 autumno
465 1920 698 2013 paucissimus
722 1917 765 1987 fit
790 1918 829 1987 in
856 1917 1010 1986 homine.
1043 1917 1188 1986 Siccus

146 2041 240 2110 enim
269 2052 326 2111 est
366 2054 559 2113 autumnus
589 2053 627 2112 et
657 2043 838 2112 hominem
866 2042 941 2136 jam
972 2037 1195 2134 frigefacere

112 2214 115 2219 -
142 2163 281 2258 incipit.
322 2165 432 2236 ..Atra
460 2191 567 2261 porro
590 2166 671 2235 hilis
703 2147 875 2235 autumno
903 2176 941 2234 et
968 2165 1120 2257 plurima
1144 2177 1189 2235 et.

142 2288 335 2359 fortissima
354 2301 420 2360 est.
470 2291 664 2385 Postquam
685 2300 806 2358 autem
830 2289 953 2380 hyems
978 2289 1181 2382 adprehen-

104 2410 107 2420 '
139 2411 250 2494 derit,
276 2411 360 2482 bilis
384 2411 478 2482 flava
505 2393 738 2506 perfrigerata
757 2411 898 2481 modica
921 2412 964 2480 fit
985 2423 1022 2481 et
1046 2414 1181 2505 pituita

137 2558 262 2607 rursus
293 2548 462 2631 augetur,
492 2548 574 2606 tum
602 2537 649 2605 oh
680 2519 884 2630 pluviarum
909 2537 1064 2627 copiam,
1100 2550 1186 2607 tum:
1257 2530 1259 2534 ’

131 2668 282 2752 propter
313 2648 577 2754 longitudinem
611 2660 784 2749 noctium.
844 2660 890 2728 In
928 2684 1021 2728 auno
1053 2674 1176 2730 autern

130 2781 328 2876 aliquando
349 2785 501 2877 quidem
525 2784 648 2878 hyems
666 2784 815 2853 maxime
840 2782 956 2873 viget,
982 2784 1175 2877 aliquando

128 2929 218 2986 rer,
255 2907 364 2977 modo
399 2921 535 2989 aestas.
569 2906 676 2978 modo
708 2919 914 3007 autumnus.
953 2907 1030 2978 sie
1064 2911 1184 2978 etiarn·

126 3031 166 3101 in
198 3029 345 3100 homine
376 3011 568 3127 aliquando
593 3032 725 3124 pituita
750 3021 954 3124 praevalet,
982 3032 1184 3126 aliquando,
1212 3090 1218 3110 .

126 3157 294 3247 sanguis,
329 3157 521 3251 aliquando
556 3157 659 3236 bilis,
696 3157 849 3248 primum
865 3143 1026 3251 quidem
1056 3157 1170 3240 flava,

125 3278 262 3351 deiude
290 3279 400 3350 etiam
430 3277 530 3371 nigra
553 3282 740 3375 appellata.

134 3403 308 3498 ·-Itaque
334 3405 542 3498 quicunque
566 3406 681 3475 morbi
703 3393 831 3500 hyeme
854 3419 1070 3499 augescunt,
1098 3433 1175 3479 acs-

120 3537 203 3596 tate
219 3525 385 3596 desinere
403 3529 534 3599 solent:
560 3530 767 3624 quicunque
787 3555 871 3601 rero
890 3543 1025 3601 aestate
1046 3556 1172 3624 auges,
1192 3611 1196 3618 ,

119 3660 233 3729 eunt,
259 3648 388 3744 hyeme
413 3651 517 3722 finire
545 3667 818 3724 consueverunt.
869 3637 1086 3748 Quicunque
1106 3679 1169 3724 au·
1196 3661 1200 3670 '

117 3787 201 3845 tem
234 3798 319 3844 vere
354 3775 466 3856 fiunt,
503 3779 558 3847 ad¹
575 3790 786 3849 autumnum
815 3802 939 3849 eorum
972 3779 1170 3849 discessum

114 3900 223 3980 fore,
259 3912 449 3992 expectare
484 3915 639 3994 oportet.
699 3904 915 3996 Quicunque
932 3915 1168 3994 postremum

112 4016 350 4099 autumnales
366 4025 488 4117 ‚morbi
514 4039 627 4106 sunt‚.
644 4052 768 4098 aarum
798 4029 996 4098 discessum
1021 4050 1169 4100 neeesse
