2550 5040
203 353 255 416 nt:
274 353 465 414 MEDICINA
485 343 743 415 'Tnssonttrlct
762 355 859 415 POST
876 357 1079 421 ottanum
1120 358 1183 427 10³2

119 536 263 609 medici
283 534 320 602 in
346 558 391 604 eo
408 531 626 623 oonspisasse
646 531 835 616 videntur,
861 547 903 607 ut
924 534 1065 610 Gutum
1083 539 1172 613 sori-

122 665 197 734 nia
209 671 357 730 strenue·
374 658 644 749 „compilarant”

145 825 154 855 .-
182 789 326 858 Praeter
350 768 449 850 hune
477 780 861 873 scripsit-Tnmrnnus
889 784 1095 856 semeiotioa
1122 786 1171 859 de

128 909 263 988 urinis,
288 908 334 976 de
356 905 429 975 alvi
447 903 701 982 excrementis,
725 927 768 974 ao
788 907 835 976 de
859 908 983 998 pulsu,
1008 932 1171 981 necnon

130 1031 386 1105 commentaria
410 1029 449 1098 iu
474 1028 717 1122 Aphoriamos*
737 1030 995 1118 Hmaocnsr1s3
1030 1035 1105 1127 qua
1133 1037 1173 1106 in

66 1168 68 1175 '
129 1180 175 1228 re
196 1158 402 1255 'magistrum
426 1165 571 1224 seeutus
599 1168 655 1226 est
678 1156 758 1248 ejus
780 1153 984 1247 'discipulus
1014 1158 1174 1230 Sterna-

125 1301 200 1353 κω
220 1276 602 1371 Atheniensis,·quem
627 1291 747 1378 tamen
776 1279 872 1348 illius
896 1280 1070 1349 duntaxat
1099 1283 1175 1353 edi·

122 1375 229 1476 (lissa
262 1401 516 1473 commentaria
544 1405 746 1496 suspicatur
782 1404 974 1498 llnoxnnus
998 1405 1175 1499 cujusque

118 1527 187 1600 de
204 1554 238 1600 re
259 1527 398 1599 medica
419 1528 547 1596 merita
573 1529 698 1622 parvi,
723 1528 1010 1608 necimmerito,
1035 1530 1173 1616 pendit

142 1710 149 1715 .
188 1654 317 1725 Verum
334 1650 456 1732 lubet,
481 1650 639 1721 breviter
658 1652 906 1722 Nemesianam
929 1675 971 1721 ae
986 1651 1176 1746 ‘Theophi-

112 1772 226 1848 leam
249 1776 506 1871 physiologiam
524 1798 733 1869 proponere.
783 1774 847 1844 Est
867 1774 963 1844 illius
987 1776 1079 1847 liber
1099 1802 1176 1870 spe-

112 1902 253 1974 cimen
270 1899 579 1993 anthropologiae,
596 1901 767 1994 primurn,
787 1910 830 1970 ut
841 1898 995 1970 videtur.
1044 1926 1066 1971 >t
1078 1904 1175 1973 Deus

111 2040 285 2099 naturae
315 2000 451 2117 opilea,
476 2025 530 2093 ita
558 2025 753 2106 Nanneius,
788 2037 919 2096 cuneta
944 2027 997 2095 ita
1019 2029 1176 2120 aptavit:

80 2230 83 2235 ¹
114 2161 185 2220 ut
199 2173 308 2221 unum
326 2160 446 2218 essent
473 2149 593 2218 omnia
615 2160 653 2220 et
672 2150 767 2219 inter
789 2171 826 2219 se
847 2152 1058 2240 cognatione
1082 2177 1177 2247 qua·
1226 2155 1235 2177 “

115 2272 219 2343 dam
230 2273 510 2345 continerentur.
528 2272 588 2371 [Ea
605 2284 678 2368 quo
693 2275 844 2344 maxime
866 2273 1037 2355 efficitur,
1063 2300 1178 2346 unum

122 2420 215 2468 osse
245 2422 366 2468 rerum
399 2396 559 2499 omnium
587 2398 803 2470 Creatorem.
861 2399 907 2469 In
940 2410 1017 2479 tota
1048 2411 1178 2471 natura

128 2523 313 2614 quaedam
330 2522 490 2593 cernitur
508 2525 706 2615 progressio
725 2548 746 2594 a
770 2523 939 2615 stirpibus
957 2522 1002 2593 ad
1023 2522 1178 2606 bestias,

132 2643 191 2712 at
209 2645 263 2716 his
283 2645 330 2717 ad
349 2644 541 2715 hominem.
590 2648 665 2718 Nec
689 2651 809 2719 statim
832 2649 1013 2716 hominem
1034 2650 1178 2741 genuit,

136 2768 203 2839 sed
236 2772 334 2864 prius
377 2770 486 2840 etiam
527 2773 677 2841 caeteris
723 2770 935 2840 animalibus
976 2773 1178 2842 naturalem

66 2954 68 2977 ,
137 2895 326 2982 quamdam
350 2880 623 2984 intelligentiam
651 2904 690 2965 et
708 2893 901 2964 artificium
915 2981 919 2987 „
932 2909 971 2965 et
1000 2895 1177 2967 eallidita-

66 3010 71 3099 j·
139 3022 212 3090 tem
233 3019 379 3098 tribuit,
403 3029 446 3087 ut
469 3018 668 3113 propinqua
687 3018 921 3089 rationalibus
943 3020 1177 3108 riderentur3

69 3184 74 3193 -
142 3154 182 3208 aa
209 3154 286 3214 tum
313 3140 458 3213 demum
488 3142 619 3215 animal
649 3167 734 3212 vere
765 3142 961 3225 rationale,¹
994 3143 1178 3214 hominem

78 3252 82 3263 ’
141 3266 349 3349 proereavit
404 3266 520 3336 Homo
550 3276 672 3335 autem
698 3269 808 3337 maria
834 3268 1067 3351 transmittit,
1093 3292 1179 3339 oon-

66 3468 69 3485 Ι
142 3391 372 3487 temptatione
398 3390 516 3459 ooelos
541 3403 723 3485 peragrat,
758 3392 916 3463 siderum
945 3415 1086 3472 cursus,
1112 3393 1180 3462 in-

66 3574 69 3613 :
141 3511 289 3590 lerrttlla
307 3513 495 3607 intelligit,
521 3526 617 3585 terra
638 3517 781 3586 otmari
801 3518 956 3610 potitur,
983 3515 1075 3586 seras
1093 3539 1177 3587 eon-

140 3634 282 3724 lemnit,
307 3663 449 3711 omnem
474 3638 678 3722 scientiam,
699 3641 916 3721 doctrinam,
943 3651 1055 3710 artem
1076 3651 1177 3711 recte
1202 3661 1207 3668 ·

139 3757 288 3846 tactas,
315 3763 499 3844 absentes,
525 3787 615 3859 quos
645 3765 723 3835 vult
741 3790 806 3859 per
826 3768 964 3837 litteras
984 3763 1176 3846 convenit,

134 3890 302 3960 omnihus
337 3889 505 3981 imperat,
546 3871 712 3959 omnibus
749 3890 974 3969 dominatur,
1010 3887 1177 3959 omnibus

132 3991 292 4103 fluitur,-
325 4035 405 4083 eum
438 4011 573 4105 engolis
597 4025 634 4085 et
659 4014 736 4084 Deo
763 4015 1000 4109 colloquitur:
1028 4012 1180 4084 caeteris
