2566 5040
488 375 602 434 FRED.
627 375 790 435 RUYSCH.
864 414 866 420 ·
1100 375 1165 436 :203

118 551 324 645 plantarum
362 560 574 630 anatcmen,
609 551 740 631 vitam,
767 548 915 618 morbos
949 549 1164 630 illustrarit,

120 698 247 746 reram
274 671 459 764 indagavit
485 673 641 765 partium
669 675 870 768 embryouis
895 674 1060 768 genesin,
1084 674 1166 767 pul·

119 821 271 870 monum
293 807 508 866 structuram
535 799 710 879 ostendit,
736 800 849 891 hepar
868 798 1069 890 glaudulam
1089 821 1165 866 esse

120 922 422 1014 conglomeratum
442 919 610 1013 probavit
628 922 811 1016 ipsamque
831 919 1001 990 fabricam
1020 920 1166 1012 glandu-

118 1047 241 1116 larum
271 1045 434 1138 exposuit
462 1065 612 1138 eamque
641 1044 803 1116 condidit
824 1057 1033 1124 anatomen,
1058 1047 1193 1138 quam'

116 1167 367 1261 glandulosam
389 1169 759 1264 vocavit-llcrscams.
847 1220 850 1225 -
935 1200 938 1209 ·

168 1291 484 1383 'Quemadmodum
507 1292 545 1361 in
571 1292 747 1364 Haavaco
770 1291 904 1386 ingenii
928 1290 1102 1370 felicitas,
1128 1293 1167 1361 in

119 1415 333 1487 llamcnro
352 1416 504 1486 naturae’
518 1390 745 1510 simplicitas,
775 1417 828 1489 sic
850 1417 890 1486 in
909 1417 1085 1486 Rurscuro
1108 1440 1169 1484 ex-

124 1539 226 1609 cellit
256 1562 312 1608 ars
339 1540 497 1633 artisque
526 1540 724 1620 subtilitas,
749 1541 833 1635 qui,
858 1552 900 1611 ut
926 1542 1167 1620 ltlatmanrns,

76 1714 78 1718 ψ
123 1636 367 1756 glandulosam
390 1686 522 1757 paene,
544 1664 596 1732 sic
611 1663 686 1757 ipse
706 1688 820 1764 paene
844 1666 1063 1733 vasculosam
1085 1666 1166 1734 red·

122 1787 220 1857 didit
248 1788 472 1857 anatomiam.
530 1787 619 1856 lliro
648 1786 823 1857 excellens
855 1787 1052 1882 subtilique
1084 1812 1167 1859 vasa

121 1911 315 2004 injiciendi
336 1910 514 1992 antilicio,
540 1935 613 2006 quo
642 1923 862 1980 mortuorum
885 1911 1092 2004 corporibus
1115 1913 1168 1983 vi·

127 2058 252 2108 vorum
280 2035 434 2126 speciem
455 2058 497 2104 ac
524 2035 796 2104 similitudinem
818 2034 969 2104 reddere
992 2036 1166 2116 callebat,

123 2161 333 2254 praesertim
369 2181 534 2230 rasorum
572 2156 794 2250 capillariam
831 2159 1038 2228 tenuissima
1077 2162 1168 2230 retia

124 2283 287 2376 implerit
312 2281 564 2376 sanguinisque
595 2281 801 2352 circulantis
840 2282 999 2354 tramites
1025 2308 1088 2377 per
1114 2286 1171 2352 ul-

123 2408 230 2477 timos
262 2407 417 2500 partium
449 2404 542 2475 fines
578 2405 856 2487 demonstrarit,
896 2419 938 2476 ut
968 2410 1031 2500 qui
1072 2407 1171 2478 vide·

121 2542 225 2610 rent,
250 2531 507 2608 exclamarent:
535 2529 632 2599 itane
664 2553 706 2598 er
735 2529 827 2599 vasis
852 2530 990 2600 omnia!

171 2653 376 2725 Anatomen
412 2649 621 2731 humanam
641 2652 753 2721 coluit
794 2651 937 2720 unicam
973 2654 1193 2754 liurscmus¹

121 2790 234 2872 atque
258 2802 360 2849 exea
384 2778 481 2847 illam
498 2789 654 2870 partem,
680 2798 772 2869 quae
793 2773 928 2844 dicitur
948 2775 1166 2868 angiologia,

120 2903 161 2970 in
180 2925 253 2994 qua
269 2893 424 2971 mirabili
438 2899 607 2980 artificio,
630 2921 757 2992 magna
777 2898 992 2969 dexteritate
1012 2902 1169 2991 praecel-

121 3025 204 3095 luit.
254 3026 416 3095 Eminuit
442 3025 531 3093 baec
556 3022 749 3092 dexteritas
772 3023 810 3091 in
828 3004 969 3102 musco,
998 3024 1058 3092 cui
1082 3047 1165 3092 con·

120 3147 244 3220 'dendo
261 3170 423 3241 magnam
441 3149 538 3218 ritae
560 3146 699 3240 partein
718 3147 894 3240 impendit
908 3147 1078 3242 quodque
1089 3149 1166 3216 'sub

119 3277 221 3344 ritae
242 3272 354 3343 >finam
380 3297 462 3343 caro
490 3273 574 3342 satis
604 3273 721 3365 pretio
746 3271 931 3343 uendidit:
960 3286 1164 3352 caeterum,

122 3397 170 3465 ad
188 3397 389 3491 hocusque
409 3410 549 3490 tempus
576 3419 744 3466 arcanum
765 3419 868 3465 suum
887 3420 1024 3466 surnrno
1045 3398 1165 3466 studio

115 3520 266 3592 celavit.
518 3615 521 3620 -
731 3615 734 3620 ,
1024 3614 1027 3620 Α
1147 3603 1150 3607 ,

172 3644 304 3716 Contra
324 3644 433 3738 igitur
454 3669 496 3714 ac
516 3645 713 3716 Hanvacns
737 3657 775 3716 et
798 3647 1047 3716 narraremus
1072 3646 1167 3716 lece-

113 3780 223 3849 runt,
246 3769 309 3863 qai
341 3790 467 3860 magno
496 3769 605 3837 animi
625 3771 779 3840 candore
808 3784 846 3840 et
871 3773 1021 3842 inventa
1038 3796 1102 3841 sua
1128 3785 1165 3842 et

112 3890 332 3961 tinveniendi
354 3894 447 3962 viam
471 3893 635 3964 omnibus
658 3876 924 3987 patefecerunt,
949 3897 1163 3975 licrscfflcs,

116 4038 217 4109 quae
252 4013 385 4087 lecerat
421 4018 458 4088 in
489 4043 611 4090 museo
645 4044 729 4099 suc,
764 4021 947 4105 ostendit,
984 4022 1163 4114 quomodo
