2566 5040
293 366 485 426 nanterus
507 364 786 455 Auerruncus
805 361 946 424 cunct.
1079 351 1138 463 ¹tt.

93 544 271 618 lIIcCur
295 542 428 615 horum
444 543 601 613 virorum
623 541 792 635 discipuli
820 549 1002 608 anatornes
1028 532 1137 603 laude

135 728 140 737 .
172 656 174 661 ¹
193 680 268 739 nou
286 665 511 737 floruerunt?

92 792 163 867 IVa
189 762 377 865 Undenam
406 791 543 861 exstitit
569 789 770 869 medicinae
796 790 834 858 in
858 797 977 881 partes
1001 806 1140 876 separa-

195 914 250 985 tio
267 913 449 1008 hujusque
463 914 579 1009 qualis
596 911 671 984 tuit
691 925 765 983 tam
780 912 913 993 bonus,
937 932 1051 1005 quam
1066 929 1141 975 ma·
1214 998 1217 1003 .

94 1076 141 1123 ·.--
191 1037 252 1109 -lur
275 1037 453 1109 eventus?
479 1088 482 1093 -
1124 1042 1137 1061 ·'

495 1299 725 1335 ...ο-...-

202 1464 212 1483 ⁶
306 1470 520 1564 senona
549 1474 902 1563 unarnrcono‘u.
961 1540 964 1546 .

470 1618 739 1725 vascone.
785 1720 818 1731 ,.

147 1917 200 1990 Ex
221 1916 341 1988 medio
356 1914 590 2007 dogmatismo
609 1929 688 1987 orta
708 1929 764 1986 est
779 1913 1019 1986 Alexandriae
1033 1936 1143 2010 quae·

95 2042 183 2113 dom
208 2043 431 2113 medicorum
463 2040 617 2121 familia,
650 2063 745 2135 quae
771 2038 899 2132 spretis
924 2038 1144 2132 dogmaticos

96 2169 180 2236 rum
200 2165 485 2237 theorematibus
503 2166 718 2235 medicinam
738 2165 784 2233 ad
801 2163 953 2256 priscam
972 2184 1144 2233 revocare

95 2289 366 2383 simplicitatem
397 2290 578 2361 studebat.
633 2289 775 2359 Pariter
808 2290 904 2357 enim
932 2312 975 2358 ac
1002 2288 1146 2358 subtilis
1172 2376 1175 2385 1

96 2414 425 2506 Peripateticorum
440 2415 630 2484 dialectica
650 2412 951 2508 Pyrrhonioorurn
975 2436 1147 2505 provocas

96 2548 205 2610 verat
218 2539 505 2632 soeptie‘ismum3
524 2541 660 2632 pariter
673 2536 908 2631 hypothetica
924 2525 1147 2628 dogmatico·

95 2666 182 2732 rum
200 2662 353 2734 scientia
371 2663 623 2756 empiricorum
648 2663 763 2734 morit
779 2659 1034 2755 hypothesium
1056 2682 1144 2754 qun·

94 2787 238 2858 rumne
256 2799 513 2881 contemptum.

147 2910 197 2982 Et
214 2910 396 2984 Putuuuu
413 2911 559 3013 quidem
580 2911 691 2984 Coum
711 2913 865 3004 primum
884 2908 994 2981 luisse
1007 2909 1145 3001 lerunt,

94 3033 166 3130 qui
181 3035 277 3107 nihil
293 3037 388 3107 hanc
408 3034 620 3105 rationalem
645 3037 870 3130 disciplinam
890 3035 1073 3130 pertinere
1099 3038 1146 3108 ad

97 3158 316 3229 medicinam
345 3142 536 3253 professus·
554 3162 592 3233 in
622 3185 691 3244 usu
720 3174 758 3231 et
785 3163 1037 3254 experimentis
1066 3185 1146 3232 eam

95 3280 242 3377 posuit,
282 3283 386 3377 cujus
423 3286 555 3378 placita
586 3286 699 3377 magis
732 3284 934 3378 divulgasse
966 3288 1146 3358 Sunsrrou

93 3406 242 3477 dicitur.

149 3530 210 3600 Ita
232 3530 367 3614 bellum
392 3533 542 3618 exarsit,
568 3535 664 3630 quod
684 3557 729 3603 ne
750 3533 861 3603 hodie
882 3534 1030 3629 quidem
1051 3535 1145 3604 inter

96 3654 260 3725 medicos
284 3660 520 3752 compositum
542 3671 616 3729 est:
643 3657 777 3728 bellum
804 3660 897 3727 inter
925 3657 1145 3749 dogmaticos

92 3789 140 3848 et
165 3777 388 3871 empiricos·
414 3779 638 3874 Argumenta
668 3805 762 3876 quae
791 3782 837 3852 ab
867 3782 1033 3876 utrisque
1062 3806 1146 3875 pro·

96 3904 290 3984 feruntur,
315 3910 396 3976 'cunr
414 3928 480 4000 per
501 3908 613 3978 multa
636 3907 820 3977 volumina
841 3931 976 4001 perque
996 3930 1145 4000 magnae

28 4078 45 4089 ,
96 4028 353 4101 contentionis·
366 4028 630 4123 disputationes
653 4054 674 4100 a
694 4030 843 4104 medicis
865 4054 970 4126 saepe
991 4042 1145 4105 tractata
