2566 5040
70 430 74 435 ·
176 391 1031 470 tets''''1otsndmurrtt1mnonntt.
1118 394 1145 447 ξ’

190 559 346 655 tetis'et
363 575 498 649 stuuuii
525 578 628 650 novis
659 569 885 671 dogmatibus
913 572 1045 670 purtim
1078 566 1229 671 amplifl-

181 702 374 785 eunubus,
399 703 529 796 purtim
554 699 888 799 commententibus.

199 830 414 903 Nimirum
430 837 681 920 oppugnarunt
704 825 799 894 iilum
820 824 952 895 medici
971 823 1073 896 Senti
1089 835 1228 896 senten

94 950 97 957 ’
183 947 280 1026 tiem
307 945 354 1025 de
386 943 588 1043 frequentin
619 941 823 1018 morborum
845 949 1116 1021 esthenie‘orum
1146 970 1227 1065 pree

61 1106 68 1114 ·
181 1077 325 1151 morbis
346 1074 518 1146 stheuicis
543 1073 662 1169 deque
685 1073 928 1197 potentiorum
951 1073 1116 1167 pertibus
1139 1075 1228 1146 viris

183 1192 419 1275 inuasurum
452 1199 587 1271 virtute
624 1199 851 1279 stimuieute,
877 1198 1060 1268 docendo:
1091 1196 1228 1269 morbos

187 1321 377 1399 etbenicos
400 1344 486 1418 pree
515 1315 709 1391 estheuicis
730 1322 836 1416 longe
863 1336 941 1392 esse
968 1310 1168 1393 crebriores
1194 1329 1229 1393 et

193 1439 434 1569 plurimorum
443 1436 685 1540 potentiorum
711 1446 789 1517 vim
811 1431 889 1516 esse
906 1430 1228 1519 contrestimniun·

134 1668 138 1674 ἡ
190 1586 268 1645 »tem
286 1574 362 1644 siue
390 1559 662 1652 debilitentem‚
683 1592 781 1666 quse
780 1570 942 1667 quidem
967 1571 1023 1643 ris
1043 1573 1228 1644 conbusti

192 1699 282 1770 muli
314 1693 477 1790 pluribus
505 1694 674 1764 remediis
696 1693 886 1788 competit:
921 1694 1052 1803 ptibio,
1077 1679 1227 1791 digituli,

193 1823 358 1899 aconito,
392 1841 505 1912 equae
536 1817 751 1888 lanroceresi
784 1829 874 1889 caet.
932 1820 1058 1914 Neque
1093 1817 1227 1890 morbus

194 1946 341 2019 febriles
366 1917 532 2036 ipsosque
565 1940 693 2034 typhos
723 1964 799 2010 csse
831 1940 1054 2022 asthcnicos,
1089 1943 1151 2014 sed
1180 1943 1228 2012 in·
1265 1926 1270 1939 ⁸

192 2066 467 2155 flammandos,
491 2087 610 2159 neque
629 2061 1102 2140 inflammationesinveniri
1117 2063 1227 2138 eithe-

196 2196 314 2275 nicus,
341 2190 403 2261 sed
426 2187 609 2259 dietbesiu
640 2185 775 2256 stimuli
798 2186 909 2257 etium
928 2189 966 2257 iu
991 2189 1094 2261 hisce
1117 2198 1230 2284 super·

197 2320 294 2394 esse,
318 2325 404 2384 utut
422 2314 595 2382 latentem
614 2322 651 2380 et
669 2310 912 2380 obscuratum:
939 2312 1033 2384 hene
1050 2325 1171 2384 entem
1186 2313 1227 2382 ab

195 2437 396 2510 irritatione
430 2435 582 2529 simplici
615 2433 785 2515 differre,
820 2460 912 2530 quac
933 2460 1073 2507 rceusse
1099 2438 1227 2510 sublate

195 2564 355 2644 tollitur,
379 2566 498 2657 ue'quc
522 2583 565 2629 ex
584 2557 740 2629 diethesi
766 2561 921 2653 generali
941 2582 1174 2633 succrescere
1184 2561 1228 2632 in·
1261 2594 1263 2600 ·

195 2688 477 2765 damnationes,
500 2706 625 2755 verum
646 2703 693 2752 ex
713 2683 814 2754 hisce
838 2683 936 2768 illum
961 2686 1065 2757 fieri:
1089 2687 1228 2782 phlego-

199 2817 254 2911 sin
274 2814 431 2907 denique
451 2808 597 2881 subesse
620 2831 695 2877 non
713 2814 853 2878 mutum
870 2807 1032 2881 febribus
1052 2812 1226 2891 universe,

199 2939 263 3010 sed
292 2937 401 3008 etium
430 2931 667 3004 nemoribus:
700 2931 866 3028 ipsusque
904 2936 1112 3028 potentius,
1144 2957 1227 3032 ques

201 3062 315 3155 vulgo¹
334 3059 538 3131 esthenicee
563 3055 762 3127 habentur:
788 3058 899 3151 frigus
923 3060 1115 3133 humidum
1140 3058 1228 3132 verbi

200 3184 332 3279 gratia,
355 3205 557 3276 processum
575 3180 828 3275 phlogistieum
847 3186 1043 3257 accendere
1066 3205 1227 3280 saepenu-

199 3332 318 3389 mero,
344 3307 403 3376 cui
431 3305 612 3399 processui
635 3304 850 3398 phlogistico
881 3306 1033 3378 subinde
1064 3333 1131 3403 pro
1151 3320 1229 3380 tem·

200 3456 287 3526 pore
304 3430 547 3523 interponitur
568 3440 681 3497 status
705 3428 933 3527 esthenicns3
957 3431 1231 3529 contrestimulo-

201 3534 283 3627 rum
309 3532 431 3633 usum,
457 3529 629 3648 quamdiu
648 3564 802 3644 perstet,
828 3565 971 3638 vetans,
997 3555 1170 3650 deinceps
1188 3576 1234 3624 rs·

202 3678 324 3750 ditum
354 3676 470 3746 veteri
498 3676 685 3772 phlogosi,
722 3677 825 3769 cujus
856 3701 900 3748 eu
927 3690 983 3749 est
1012 3679 1126 3761 ratio,
1162 3688 1237 3748 ute

204 3811 307 3896 perte
339 3798 470 3870 effecte
499 3801 544 3871 cd
571 3798 657 3869 elius
687 3801 845 3894 eliasque
872 3815 994 3898 partes
1015 3779 1239 3896 partiumque

202 3933 397 4020 systemate
414 3935 691 4018 propegetur-et
710 3925 849 4007 orietur:
873 3928 1058 4000 tumultu
1071 3935 1151 4022 toto
1170 3931 1242 3995 cer-

106 4066 128 4134 .'
200 4068 298 4144 pore.
317 4046 482 4118 diffusus.
