2566 5040
356 108 504 172 SCHOLA
526 104 855 173 unrnoutcoauu.
1085 106 1139 177 ⁶⁶,

130 279 167 354 Is
185 279 364 354 Laodicea
378 284 500 378 Syriae
518 297 617 355 ortus
633 285 747 378 primo
765 286 1002 358 Asctnrtsnts
1022 309 1123 382 prae·

80 405 238 497 ceptoris
268 405 468 477 doctrinam
491 420 645 479 secutus
674 423 739 482 est.
787 410 848 482 Ab
879 432 923 480 ca
952 410 992 480 in
1015 433 1120 483 seno·

74 539 184 599 ctute
210 529 407 601 deflectens
445 531 626 625 quoddam
657 530 837 626 quaesivit
869 533 1122 627 compendium

66 659 111 718 ot
143 653 237 725 riam
261 653 428 736 brevem,
462 679 570 749 quam
601 655 811 726 methodum
839 669 1014 727 vocarunt
1039 657 1119 751 ejus

63 788 285 875 scotatores.
339 778 426 850 Nam
453 802 533 849 oum
563 779 802 852 Asctnrraors
831 780 971 851 theoria
1002 780 1119 853 conti·

61 896 233 974 nebatur
265 903 567 996 contemplatione
604 903 712 991 illius,
731 902 903 984 rationis,
935 927 1029 999 quae
1062 914 1119 976 est

61 1012 177 1095 inter
192 1036 331 1097 atomos
355 1023 607 1121 (corpuscula)
631 1040 670 1100 et
687 1051 791 1122 poros
815 1006 998 1118 (canales)
1022 1050 1118 1122 quae

61 1140 99 1212 δί
130 1172 203 1221 nou
222 1151 294 1222 rite
322 1175 360 1223 se
384 1150 536 1224 haberet
556 1165 595 1225 et
618 1175 639 1223 a
663 1154 867 1248 symmetria
886 1149 1117 1235 deflecteret,

61 1275 120 1336 tlt
154 1283 262 1345 stsses
290 1273 378 1347 inde
405 1265 556 1357 fierent,
588 1275 730 1346 morbos
756 1275 856 1345 nasci
887 1274 1117 1362 autumabat;

62 1379 189 1488 hujus
207 1396 349 1469 theoria
364 1400 494 1493 partim
515 1400 686 1480 retinuit,
704 1398 834 1493 partim
857 1397 1004 1493 reliquit
1021 1398 1118 1469 Tna-

64 1525 200 1604 tnsorr,
234 1521 315 1616 ejus
343 1521 560 1618 discipulus:
594 1524 807 1617 corpuscula
834 1521 907 1595 rid.
933 1524 1117 1594 manantia

66 1644 249 1738 neglexit,
274 1645 321 1716 ad
340 1647 432 1719 solos
455 1649 594 1720 canales
617 1647 793 1719 adtendit.

10 1852 12 1859 Ι
70 1869 73 1872 .
123 1765 270 1841 Exstitit
294 1769 366 1842 hoc
390 1784 499 1867 pacto
525 1772 658 1866 duplex
682 1795 806 1842 caussa
829 1768 945 1840 morbi
971 1794 1117 1865 genera·

75 1876 137 1961 lis:
159 1893 280 1964 laxum
297 1886 336 1966 ¹ct
352 1896 533 1978 strictum,
550 1919 570 1967 a
589 1895 771 1967 canalibus
781 1893 933 1965 nimium
949 1897 1116 1970 relaxatis

53 2010 273 2089 'nimiumve
312 2018 517 2104 adstrictis,
553 2021 613 2092 cui
647 2019 795 2090 tertium
827 2019 1012 2114 adjunxit,
1048 2020 1116 2093 ubi

88 2128 252 2212 inaltera
272 2153 374 2237 parte
393 2120 583 2215 stricturae
603 2156 715 2225 esset,
740 2145 779 2214 iu
798 2145 910 2219 altera
925 2145 1114 2216 relaxatio·

34 2248 44 2275 ”
89 2259 131 2333 uis
153 2265 296 2337 vitium.
346 2267 394 2337 Hi
412 2268 523 2362 igitur
536 2269 753 2351 methodici,
779 2270 1116 2354 eontraaoll1rro·

88 2403 222 2472 emtus,
256 2388 371 2461 viram
403 2391 567 2487 longam,
601 2403 715 2464 a'rtem
752 2392 911 2462 brevem¹
933 2390 1113 2464 dixerunt.

10 2506 29 2537 ²*
84 2508 197 2610 Atque
220 2507 362 2586 isthaec
393 2515 480 2588 vitia
509 2517 711 2587 communia
725 2514 905 2606 >lurcorum
925 2517 1111 2609 adsaporet)

27 2614 31 2621 Ι
80 2638 146 2732 tola
165 2633 421 2722 intuebantur,
444 2639 542 2742 nulla
565 2641 789 2734 propriorum
806 2638 946 2709 ratione
972 2638 1109 2710 habita.

118 2762 261 2837 Deinde
283 2764 423 2835 etiamsi
437 2765 618 2835 Tusmsos
629 2763 826 2835 doctrinam
839 2764 985 2835 crisium
998 2763 1112 2859 negli-

72 2900 170 2983 geret
193 2907 360 2984 prorsus,
395 2911 537 2959 omnem
564 2899 684 2958 tamen
705 2887 940 2985 'therapeiam
953 2900 991 2960 et
1010 2888 1112 2959 diae·

67 3025 146 3086 tam
162 3014 413 3085 adnumerum
432 3012 572 3083 dierum
590 3013 790 3092 revocarit,
815 3011 862 3082 ad
879 3012 978 3083 huno
994 3012 1110 3082 solum

65 3136 318 3234 imprudenter
338 3136 537 3207 adtendens
555 3160 674 3232 neque
699 3137 921 3231 interrogans
933 3135 1108 3230 passionis

65 3274 213 3355 tempus
234 3259 425 3354 (murus).

115 3385 326 3457 Ilelaxantia
353 3384 463 3479 igitur
482 3382 722 3480 (evacuantia)
743 3395 884 3457 tantum
912 3382 1110 3460 adhibebat

61 3521 103 3584 et
132 3487 395 3604 adstringentis
430 3511 506 3583 sire
533 3511 692 3592 leniora,
726 3535 790 3581 seu
822 3509 985 3606 styptica.
1042 3509 1114 3586 Est,
1192 3573 1195 3578 .

60 3633 240 3730 prolecto·
264 3633 325 3706 ria
351 3633 490 3705 brevis:
524 3659 571 3709 an
599 3635 763 3707 salutaris
790 3633 924 3714 luerit,
956 3633 1113 3709 dubium.

56 3759 206 3846 faciunt
227 3758 319 3830 haec
343 3758 537 3852 Jrvrsaua

881 3832 988 3936 ,δι
