2566 5040
114 380 170 442 212
269 389 272 394 '
397 371 901 457 llsBOERll'dAVE„

108 552 307 652 -spicuitate
328 566 366 627 et
388 546 557 628 facundia
577 557 735 627 eminens
758 556 852 628 inter
873 542 1006 628 omnes.

165 678 365 752 Matheseos
383 679 503 750 studio
524 692 678 750 mentem
702 667 846 752 a'cuerat
865 693 903 751 et
923 680 968 750 ad
987 676 1154 752 methodi

41 868 50 881 .
118 801 341 896 dogmaticae
370 801 466 895 leges
481 806 738 899 ‘composuerat
761 804 929 896 illamque
955 825 1043 898 prae
1073 803 1152 874 aliis

117 925 232 998 artem
246 926 557 1031 tenebatppaucis
568 921 775 999 mortalibus
789 916 927 1009 datamss
953 950 1063 1022 quam
1073 927 1153 1020 pluss
1180 947 1184 955 ’

117 1053 225 1123 rimas
233 1071 293 1121 ‘res
303 1029 474 1121 brevibus
484 1062 521 1120 at
531 1051 859 1145 perspicuis'verbis
869 1049 1151 1145 complectendi:

116 1199 191 1271 qua
214 1169 299 1246 dote
324 1173 385 1244 ille
402 1174 551 1246 maxime
575 1176 721 1269 egebat,
745 1176 810 1269 qui
837 1176 996 1246 Atlantis
1018 1167 1159 1261 instar„
1187 1269 1191 1278 Ι

118 1289 260 1372 omnem
285 1291 444 1370 humeris
469 1300 542 1369 suis
571 1292 772 1370 sustentans
800 1298 920 1368 orbem
952 1299 1151 1382 medicum,¹

117 1423 282 1518 ingentes
315 1421 527 1495 eruditionis
555 1421 675 1514 copies
701 1421 753 1490 in·
767 1441 911 1514 parram
937 1424 1150 1517 compellere
1179 1432 1181 1437 '

115 1544 336 1645 domesticae
362 1538 598 1617 institutionis
619 1542 901 1640 disciplinaeque
927 1545 1152 1619 academicae

115 1670 373 1766 supellectilem
395 1668 583 1740 debebat.-
623 1682 625 1686 '
732 1655 734 1661 ’

103 1819 122 1835 v·
167 1793 376 1879 Studiorum
387 1792 598 1873 methodum
613 1796 756 1865 seculus
773 1804 850 1864 erat
864 1781 1088 1877 historicam,
1102 1788 1152 1870 'ul
1173 1790 1178 1832 ³

117 1941 143 1988 a
164 1916 327 2011 patribus
356 1916 556 1988 medicinae
576 1935 703 2000 orsus,
731 1939 809 1988 rem
836 1916 884 1988 ad
909 1915 1009 1989 suam
1038 1944 1151 2016 usque

120 2037 515 2113 aetatem'tradurerit:
538 2035 681 2138 qualem
702 2038 1037 2138 methodum'sequi
1062 2043 1151 2114 solea

44 2208 49 2213 -
119 2163 209 2235 bant
230 2159 382 2258 majores
401 2166 535 2248 nostri,
559 2166 761 2235 litterarum
780 2165 916 2236 cultum
943 2190 1025 2238 cum
1053 2167 1151 2252 cultu

120 2288 350 2362 scientiarum
360 2288 563 2382 jungentes.
613 2288 672 2359 Sic
689 2298 852 2358 veterum
868 2288 1152 2362 observationem

120 2434 204 2485 cum
224 2407 473 2483 recentiorum
485 2409 666 2506 copularit
685 2412 825 2483 theoria
849 2437 1034 2508 unumque
1058 2436 1166 2485 crea·-

120 2536 177 2611 vit
198 2533 384 2607 doetrinae
404 2557 551 2630 corpus,
575 2535 613 2614 in
633 2559 706 2630 quo
722 2536 871 2630 simplex
894 2537 1153 2609 comiturrerl

120 2658 287 2754 sigillum.
311 2659 437 2732 ‘'llano
458 2670 579 2730 autem
603 2658 800 2762 doctrinam
831 2658 972 2731 duobus
1003 2657 1154 2730 tradidit

121 2783 361 2877 compendiis:
404 2783 515 2854 altero
555 2782 777 2866 theoretico,
827 2780 987 2879 practico
1023 2784 1151 2884 altero:

121 2907 339 3001 aphoristica
359 2906 537 2979 brevitate
556 2928 696 2980 omnem
705 2930 785 2996 rem
804 2905 980 2978 medicam
1000 2907 1153 3002 comple

120 3029 314 3102 utentibus.
363 3032 514 3103 initium
540 3025 674 3103 iaciens
694 3031 740 3102 ab
760 3030 968 3125 exponendo
997 3030 1154 3124 corporis

120 3153 348 3250 partiumque
372 3155 633 3235 mechanismo,
658 3153 795 3226 abhoc
825 3155 984 3248 exposito
1005 3151 1154 3225 deduxit

61 3280 66 3292 ‘
120 3278 293 3360 effectus,
321 3279 438 3350 idest
462 3291 579 3350 motus
605 3277 680 3350 sire
707 3279 865 3349 actiones
886 3280 1093 3373 pariterque
1116 3262 1154 3348 iu

119 3403 254 3474 morbis
270 3426 290 3472 a
304 3401 578 3498 simplicioribus
593 3399 638 3472 ad
652 3387 762 3495 magis
777 3401 990 3495 compositos
1003 3397 1154 3470 transiit.

171 3523 345 3598 Alimenti
359 3527 398 3597 in
419 3518 575 3620 corporis
594 3523 780 3597 materiem
807 3522 1042 3594 mutationem
1064 3542 1154 3593 cuu-

112 3650 253 3746 'cuque
281 3647 489 3722 mutationis
516 3647 763 3743 phaenomena
790 3645 1025 3718 demonstrari
1052 3667 1156 3739 posse

122 3799 167 3865 ex,
179 3774 254 3847 sola
270 3774 404 3846 lubrica
418 3782 599 3855 rasorum,
619 3773 761 3866 cognita
777 3770 897 3841 indole
916 3768 1155 3840 adfluentium

97 3979 102 3988 ¹
121 3897 339 3991 liquidorum
359 3897 558 3994 horumque
579 3895 734 3969 viribus:
760 3883 1057 3966 caussam'motus
1075 3916 1154 3963 san·

55 4052 60 4061 ·
121 4019 238 4112 guinis
260 4023 300 4095 in
318 4023 436 4097 cordis
464 4021 600 4096 lubrica
619 4032 658 4093 et
672 4022 773 4093 motu
799 4017 1056 4118 quaerendam,
1079 4038 1157 4088 om·
