2566 5040
125 363 194 427 2¹18·
262 323 264 326 ’
473 365 549 424 ro.
594 366 820 425 aaown.

126 540 448 612 sthenicisautem
477 539 608 632 duplex
639 541 911 634 distinguendus
938 553 993 612 cst
1029 554 1161 628 status,

125 665 215 736 alter
232 663 295 732 ubi
315 662 417 731 deest
437 664 600 733 stimulus
618 665 796 756 legitimus
809 663 988 753 (cathartica
1006 629 1178 760 directuri

124 787 230 869 alter,
246 785 449 858 ubinirnius
459 798 527 866 est,
540 786 709 857 exhausta
720 788 971 859 incitabilitate
982 786 1159 877 (cathamo

102 912 330 1002 e'adc'recta).
379 911 473 979 Hinc
498 910 711 1002 intelligitur
732 912 859 986 idonea
880 912 1027 1016 singulis
1055 937 1156 983 cura·

122 1033 195 1105 tio:
222 1032 399 1114 sthanica,
418 1057 482 1127 per
502 1035 725 1105 stimulorum
741 1035 1016 1106 detractionem:
1042 1038 1157 1110 asthe-

121 1160 219 1238 nica,
240 1151 304 1250 p'er
320 1157 544 1228 stimulorum
560 1157 800 1228 admotionem
811 1170 848 1229 et
859 1159 998 1230 directa
1011 1163 1155 1257 quidem

120 1303 186 1378 per
214 1293 360 1352 cautum
388 1283 611 1352 stimulorum
640 1306 828 1376 parvorum
856 1284 985 1376 primo,
1025 1287 1154 1359 deinde

120 1405 334 1478 validiorum
367 1429 488 1477 usum:
513 1396 690 1476 indirecta
721 1430 786 1500 per
811 1404 1035 1478 stimulorum
1060 1411 1153 1482 lente

118 1529 253 1603 factam
282 1525 552 1601 detractionem.
613 1530 702 1600 Nam
729 1531 798 1600 hac
830 1532 867 1600 in
896 1556 934 1603 re
962 1536 1154 1608 curationis

41 1720 56 1761 .·
120 1677 256 1727 summa
274 1664 451 1734 versatur,
473 1667 516 1724 ut
531 1656 630 1746 justa
645 1657 884 1746 potentiarum
897 1657 1166 1730 stimulantium

119 1778 364 1849 moderatione
395 1777 559 1848 incitatio
590 1779 636 1848 ed
662 1780 916 1872 eum'gradum
945 1772 1150 1866 revocetur,

19 1880 21 1890 Α
117 1904 182 1999 qui
214 1905 325 1974 statui
349 1925 433 1974 sano
466 1901 689 1995 respondeat.
733 1898 798 1988 (Cf.
817 1903 859 1975 V.
880 1903 910 1974 Ι.
940 1928 974 1997 p.
1002 1903 1060 1978 33.
1089 1906 1149 2002 Ed.

118 2026 245 2122 Angl.)
289 2027 449 2107 Medicus
464 2027 574 2120 igitur
589 2025 718 2095 virium
735 2009 949 2097 oeconomus
973 2031 1035 2106 sit,
1056 2055 1151 2124 opor·

117 2163 174 2221 tet
186 2152 363 2246 sciatque,
381 2150 544 2230 differre,
564 2162 605 2220 ut
619 2133 835 2232 morborum,
854 2151 905 2219 ita
916 2153 1149 2224 remediorum

119 2275 267 2367 gradus:
294 2262 430 2355 summo
450 2275 657 2372 graduesse
673 2252 811 2347 stimuli
828 2263 1059 2357 diffiisibiles,
1080 2277 1160 2348 sive

20 2485 24 2493 Ι
118 2393 299 2479 volatiles,
333 2421 486 2492 quorum
516 2364 642 2469 aether
665 2410 702 2469 et
726 2399 847 2492 opium
876 2399 1015 2492 reliqua
1043 2401 1150 2492 gradu

119 2531 300 2611 superant.
348 2521 445 2592 Hinc
456 2524 663 2615 percelebre
679 2525 767 2595 illud
779 2523 891 2617 ipsius
903 2523 1167 2596 enunciatumc‘

117 2646 239 2740 opium
260 2634 436 2728 oteherclc
460 2672 530 2717 coo
550 2647 677 2718 scelat!
697 2700 701 2705 .
814 2667 815 2671 ’

166 2767 289 2863 Atque
320 2769 390 2839 hac
416 2782 472 2840 est
503 2771 676 2866 generalis
707 2759 891 2842 doctrinae
922 2787 1148 2868 conspectus,

107 2898 224 2989 'quam
247 2894 340 2971 tanti
361 2891 536 2989 iaciebat,
554 2905 597 2965 ut
618 2918 654 2964 se
675 2918 755 2964 cum
777 2895 954 2969 Nawcoso
972 2920 1151 2993 compara·

116 3017 230 3089 verit:
257 3015 304 3086 ob
324 3017 508 3089 inventam
527 3019 703 3090 sciliceta
724 3040 761 3087 se
779 3017 898 3110 legam
923 3021 1150 3100 incitabilita·

114 3142 182 3220 tis,
207 3165 280 3237 qua
304 3165 450 3235 corpora
479 3142 645 3236 organica
678 3142 761 3212 vira
790 3153 963 3234 reguntur
986 3170 1147 3243 quaeque

115 3266 224 3335 unica
249 3265 576 3360 phaenomenorum
604 3267 642 3335 in
670 3256 770 3358 ipsis
786 3289 918 3336 caussa.
966 3269 1055 3340 Nam
1082 3294 1151 3341 una

115 3389 194 3482 lege
218 3391 309 3461 vivit
332 3413 477 3481 corpus,
503 3414 576 3460 una
598 3400 773 3482 aegrotat,
798 3411 870 3460 una
890 3403 1055 3474 sanatur,
1080 3419 1150 3465 una

115 3515 286 3596 moritur,
312 3537 429 3606 neque
457 3512 547 3611 eliae
576 3514 671 3598 vires
696 3513 742 3584 ad
760 3512 901 3582 morbos
922 3525 959 3583 et
981 3529 1148 3600 mortem,
1164 3504 1186 3556 f

115 3640 208 3708 aliae
236 3638 280 3708 ad
309 3649 460 3739 naturae
499 3640 803 3710 conservationem
838 3636 994 3718 iaciunt,
1027 3665 1150 3712 aarum
1202 3687 1205 3694 ·

117 3787 239 3832 omnes
265 3764 311 3851 ad
338 3762 467 3842 vitam,
493 3762 556 3833 sed
584 3759 746 3845 coactae,
773 3785 965 3856 omnesque
995 3764 1041 3834 ad
1061 3790 1149 3835 mor-

116 3897 206 3965 tem,
223 3886 299 3970 ,scd
315 3899 378 3957 sua
393 3898 519 3991 sponte
534 3885 715 3982 feruutur:
735 3897 848 3980 utque
865 3887 1098 3958 animantium
1114 3901 1149 3960 et

117 4007 319 4094 hominum,
343 4010 394 4083 ita
410 4012 611 4106 plantarum
634 4013 707 4086 vita
725 4011 837 4084 omnis
857 4035 928 4083 una
946 4011 1148 4088 continetur
