2566 5040
346 418 350 424 Ι
405 340 893 409 urraocaarrcrr
1076 305 1172 411 'ao

126 522 365 598 dissolutione
386 517 565 591 interitus.
613 520 673 592 Nil
698 523 794 593 euim
815 540 1051 620 eorumquae
1071 514 1168 596 exie*-

124 659 209 720 tuut
224 642 411 738 autporit,
433 657 497 717 aut
516 658 721 736 generatur,
746 649 847 740 quod
862 670 937 717 nou
956 647 1056 741 priua
1075 646 1168 730 suit,

120 773 193 843 aad
214 752 406 842 commista
429 778 467 837 et
489 771 606 841 reiut-a
627 767 844 851 alterantur,
871 771 1064 865 omniaque
1088 795 1166 844 mu·

124 906 253 973 tantm
270 902 448 986 perpetuo
471 915 516 961 aa
534 864 751 963 necessitate
776 895 911 965 divina·

185 1015 436 1110 Hippocratiei
452 1026 636 1085 auctores
663 1015 810 1086 suerunt
836 1016 1064 1111 pathologiae
1098 1016 1167 1087 hu·

114 1163 269 1213 norum
297 1137 405 1234 (quae
438 1162 623 1232 perperam
655 1141 877 1210 Hrarecnart
903 1141 1089 1238 tribuitur)
1120 1143 1170 1215 ab

110 1269 245 1361 iisque
266 1287 350 1335 eum
378 1263 467 1345 aiio,
494 1274 571 1333 tum
591 1287 730 1333 annuos
748 1264 889 1336 morbos
909 1268 1167 1359 repetiverunt.

114 1391 264 1485 liyeme
291 1399 444 1481 augetur
468 1387 511 1456 in·
532 1386 675 1457 homine
698 1388 851 1481 pituita:
878 1391 975 1461 unde
1003 1392 1168 1462 cedema-

126 1529 184 1595 ta‚
210 1527 369 1585 tumores
393 1508 484 1591 albi,
510 1511 624 1580 morbi
652 1512 827 1603 pituitoei.
877 1513 972 1586 Vere
1001 1515 1182 1586 increscit.

133 1637 292 1731 maguis,
316 1633 590 1728 quod-indicant
606 1635 850 1729 dysenteriae,
870 1638 1057 1730 epistaxes.
1092 1638 1169 1710 Au-

129 1775 253 1835 tuno
275 1759 434 1852 denique
464 1758 546 1828 bilis
569 1770 647 1829 atra
672 1770 749 1829 tum
778 1761 956 1855 piurima,
977 1775 1055 1833 tum
1082 1764 1171 1834 vali·

130 1887 275 1957 &nme
295 1895 360 1953 est.
410 1881 456 1951 ln
476 1891 554 1951 toto
573 1907 666 1952 anno
692 1884 767 1976 jam
790 1885 914 1978 hyeme
941 1886 1146 1956 dominatur
1156 1931 1169 1967 ,=

124 2012 200 2107 jam
223 2032 305 2088 ver,
326 2007 403 2099 jam
430 2018 562 2088 aestas,
584 2010 661 2099 jam
684 2019 877 2080 autumnus
898 2011 1104 2105 pariterque
1130 2011 1171 2079 in

130 2134 275 2207 bomine
289 2154 389 2201 nune
404 2130 536 2223 pituita
554 2132 752 2225 praevalet,
772 2157 870 2203 nune
887 2134 1046 2228 sanguis,
1070 2150 1170 2203 nune

131 2260 230 2331 bilia:
247 2257 382 2351 aliique
396 2254 512 2324 morbi
530 2256 618 2349 alios
634 2255 775 2348 fugant,
796 2259 958 2329 vernales
976 2257 1171 2353 hybemoa‚

131 2382 266 2455 aeetiri'
281 2382 463 2462 vernales,
488 2380 624 2474 quodsi
639 2357 784 2451 morbus
812 2382 942 2476 aliquis
966 2382 1057 2452 haee
1081 2390 1173 2449 tem.

128 2522 218 2603 pora
241 2504 486 2599 superauerit,
510 2528 592 2574 eum
616 2527 775 2574 aunuum
794 2505 870 2576 iore
895 2506 1081 2577 sciendum
1105 2515 1171 2575 eat.

173 2634 380 2705 Humorem
408 2641 530 2698 autem
561 2639 717 2720 quatuor
741 2640 825 2699 suut
857 2629 993 2701 sontes:
1030 2630 1172 2722 sangui-

89 2849 92 2855 ·
127 2758 192 2828 nia·
215 2780 295 2837 cor,
328 2755 483 2848 pituitae
512 2763 640 2843 caput,
665 2775 781 2845 aquae
804 2752 898 2834 lien,
929 2753 1012 2822 bilis
1044 2752 1167 2847 hepar.

124 2881 182 2957 Ex
207 2857 296 2972 ipsiu
321 2891 399 2951 tum
424 2875 630 2946 morborum
643 2874 868 2956 decursum,
891 2887 969 2946 tum
996 2877 1074 2948 dies
1100 2878 1172 2948 eri-1

94 3008 220 3078 'ticos
249 3004 474 3098 explicarunt
496 3000 543 3070 ad
565 2998 787 3092 eandemque
817 3001 1010 3074 humorum
1036 3003 1171 3074 doctri·

123 3154 212 3203 nam
239 3139 281 3199 et
299 3127 520 3196 diaetetieeu
545 3136 584 3193 ot
618 3123 893 3216 therapeuticeu
918 3128 1174 3200 adcommoda·

125 3264 243 3334 rut„
265 3274 341 3321 nee
358 3274 438 3319 non·
457 3251 508 3319 ad
530 3248 702 3342 placitum
728 3249 774 3319 de
796 3250 993 3320 elementia.
1029 3252 1169 3336 flumi-

124 3378 191 3451 dis
215 3377 314 3446 aieeo
346 3374 527 3444 utendum
553 3383 609 3443 est
636 3371 821 3452 alimento,
858 3375 963 3444 sieeis
996 3374 1170 3446 humido:

123 3502 269 3575 aestivo
290 3510 451 3594 tempore
476 3498 556 3591 plus
577 3495 792 3577 bibendum,
824 3497 952 3591 hyeme
978 3523 1065 3569 vero
1089 3499 1175 3591 plue

122 3623 310 3695 edendum
337 3623 462 3717 sieque
492 3620 717 3692 detrahendo
744 3621 804 3690 rei
830 3621 995 3692 addendo
1023 3621 1069 3691 ad
1098 3623 1172 3692 aiu·

123 3748 231 3840 gurim
256 3759 412 3827 aetates,
444 3759 608 3826 naturas,
642 3745 728 3814 anni
755 3757 916 3839 tempora
940 3746 1099 3818 diaetam
1127 3772 1170 3818 ae

121 3872 348 3947 medicinam
368 3872 522 3962 dirigere
543 3881 696 3964 oportet.

177 3998 280 4068 liaeo
308 3997 357 4068 de
382 3996 664 4100 dogmatieorum
698 3995 839 4090 placitis
872 3996 1041 4068 univerae
1072 3995 1173 4074 dicta
