2566 5040
75 341 78 346 ἦ
126 392 179 466 164
436 384 856 456 ‚Psaacaasus

123 563 509 659 hatuwmysticismps,
537 583 617 631 cum
640 563 777 631 ratione
808 560 1030 634 certantibus
1061 588 1167 636 sensu

126 706 165 765 et
189 688 395 785 phantasia3
432 684 731 779 quemedmodum
769 695 948 756 testantur
976 687 1166 759 daemono-

124 815 261 895 mania,
286 810 453 882 instantis
481 808 612 878 diluvii
641 808 840 903 praesagia,
876 821 969 881 artes
990 813 1165 904 magicae,

125 939 244 1010 cultus
266 918 480 1028 alchymiae,
506 929 717 1000 miraculosa
735 932 853 1002 dentis
872 937 973 1005 aurei
994 935 1164 1017 historia,

123 1084 249 1156 regum
285 1058 438 1151 Angliae
472 1053 682 1149 Galliaeque
713 1055 787 1125 solo
813 1068 981 1129 contactu
1012 1072 1168 1137 strumas

124 1185 274 1259 sanandi
290 1193 458 1287 potestas.
505 1181 606 1250 llaec
624 1189 782 1272 tempora
807 1193 1026 1272 pepererunt
1044 1184 1165 1256 Pana-

123 1297 271 1388 cassata,
299 1305 432 1376 medici
454 1313 650 1373 monstrum
678 1303 858 1396 quoddam
882 1316 992 1400 atque
1020 1321 1163 1401 porten-

124 1445 222 1513 tum,
247 1430 293 1501 de
314 1452 386 1523 quo
406 1449 504 1496 nunc
526 1425 671 1495 dicandi
692 1418 761 1497 erit
782 1428 891 1498 locus.

185 1554 406 1628 Scholastica
437 1550 549 1621 medii
587 1551 667 1621 aevi
699 1551 898 1634 medicina,
937 1563 981 1623 ut
1012 1553 1060 1644 ab
1092 1579 1159 1627 una

10 1770 13 1775 Ι
124 1690 225 1776 parto
249 1689 327 1749 erat
354 1674 605 1755 Aristotelioa,
630 1672 817 1757 Galenus,
844 1674 1063 1771 dogmatica,
1089 1677 1159 1750 dia·

122 1803 273 1883 lectica,
307 1800 358 1871 sic
388 1799 433 1869 ab
459 1799 579 1869 altora‘¹
596 1781 808 1880 diaetatica',
844 1799 1023 1882 ohcmica,
1059 1802 1158 1896 phar·

123 1927 345 2006 macautica,
363 1922 476 1992 ‘simul
494 1945 581 1992 vero
596 1923 777 2016 roligiosa,
803 1922 967 2017 mystica,
992 1926 1157 2021 phantas-

12 2123 14 2127 ,
123 2055 215 2133 tica,
240 2048 352 2122 verbo
374 2046 583 2117 romantioa.

170 2172 385 2245 Effloruerat
402 2193 444 2242 cx
472 2167 644 2262 religione
670 2169 870 2242 Christiana
889 2195 983 2244 nova
1004 2176 1158 2269 philoso-

121 2296 259 2393 phandi
282 2291 535 2390 cogitandique
553 2292 663 2362 ratio:
689 2294 786 2363 unde
809 2293 1036 2391 philosophia
1053 2314 1158 2373 natu·

3 2487 7 2496 ,
28 2462 30 2467 ,
72 2494 75 2499 ,
120 2444 182 2490 rae
204 2416 675 2512 gentiumGermaaioarum
694 2417 848 2499 exstitit,
869 2421 974 2514 cujus
990 2423 1158 2497 inPsas·

120 2563 223 2618 cosso
244 2541 399 2614 infantia
419 2542 494 2612 sive
515 2550 613 2613 aetas
638 2539 752 2633 prima
767 2543 945 2617 cernitur:
971 2570 1156 2643 quaeque,

118 2680 162 2740 ut
180 2643 296 2737 omnis
318 2664 570 2760 philosophia.
589 2687 631 2734 cx
655 2665 757 2757 poesi
780 2677 867 2738 nata
889 2680 955 2740 est.

99 2812 100 2816 ’
166 2776 221 2862 In¹
244 2789 472 2884 philosophia
500 2787 719 2861 Graecorum
746 2789 853 2862 homo
879 2792 1024 2866 initium
1046 2808 1104 2869 est
1121 2809 1159 2870 ct

118 2896 237 2989 finist-
258 2924 314 2984 est
343 2924 525 3010 tamquam
557 2912 761 3006 apotheosis
781 2927 931 2987 naturae
968 2917 1157 2994 humanae.

119 3039 166 3141 Ia
175 3035 405 3133 philosophia
416 3033 673 3124 Germanorum
683 3036 790 3109 homo
805 3042 1016 3134 proponitur
1023 3058 1157 3119 morta·

17 3162 21 3166 ’
115 3163 161 3234 lis
178 3174 218 3233 et
237 3164 315 3234 Deo
331 3171 502 3253 cognatas
522 3172 566 3233 ct>
577 3161 833 3245 animantibus,
858 3167 949 3236 coeli
967 3179 1156 3264 terraeque

114 3285 230 3368 filius,
256 3284 304 3355 ad
323 3284 450 3355 altiora
471 3290 580 3361 natus
603 3285 764 3379 quidem,
790 3287 854 3360 scd
875 3313 896 3360 a
919 3291 996 3364 Deo
1024 3293 1157 3368 deflec-

115 3420 197 3480 tens
221 3408 267 3479 ad
286 3408 467 3504 hujusque
496 3408 767 3479 similitudinem
788 3410 1155 3492 reformanduswsie

114 3533 276 3640 exoritur
302 3533 404 3602 notio
429 3531 564 3624 speciei
592 3532 667 3602 sive
703 3533 806 3605 ideae
826 3536 864 3606 iu
892 3538 1055 3613 futurum
1075 3567 1155 3641 per·

117 3655 315 3758 lichudes,
348 3655 646 3747 regenarationis,
680 3682 795 3731 novae
824 3662 944 3745 vitae,
978 3675 1154 3737 transmu-

117 3779 282 3859 tationis,
320 3802 507 3870 geneseos,
541 3791 664 3872 partus
691 3782 794 3855 novi:
829 3785 939 3857 verbo
965 3801 1153 3861 metamoa

113 3901 266 3996 phoseos
289 3913 491 3995 perpetuae·
504 3913 612 3998 atquc
632 3907 847 3998 evolationis
863 3887 1106 4003 personantis.

108 4077 116 4086 -
161 4025 260 4097 llaec
292 4025 540 4120 philosophiae
571 4042 720 4102 naturae
753 4011 935 4130 'principia
967 4036 1084 4112 latent
1111 4039 1150 4110 ia
