2566 5040
120 364 188 432 'tta
279 389 281 393 ’
362 372 595 439 ⁸losde'I'.
620 381 667 435 ΑΒ
693 379 889 438 ttnnnortt‘.

128 549 245 620 donec
266 551 410 621 tandem
439 554 568 623 incidit
588 556 627 623 win
649 555 736 625 Tuo.
753 577 778 624 a
795 554 930 625 Kunrrs
949 564 987 623 et
1006 551 1061 625 Jo.
1078 552 1160 626 Tan·v

128 695 211 745 enar
238 677 392 766 scripta,
415 680 545 772 quibus
576 680 742 772 religioso
771 680 934 749 veritatis
963 700 1082 747 amore
1114 681 1160 747 in·

127 800 354 895 ''censnsest3
380 823 535 896 cumque
553 802 649 894 apud
682 826 719 873 se
751 813 942 882 statuerat,
967 800 1161 873 medicinae

13 1015 18 1020 1
126 923 386 1003 uomendum,
413 925 450 994 in
478 926 546 996 hac
569 951 713 1020 quoque
738 929 888 999 scientia
914 926 1028 995 libros
1047 950 1164 997 omnes

126 1046 277 1117 eandem
308 1046 521 1118 cantilenam
549 1071 677 1121 canere
712 1052 966 1121 animadvertit
990 1024 1163 1144 solidique

123 1171 218 1240 nihil
237 1172 433 1242 continere.
482 1173 648 1269 Denique
667 1175 705 1244 in
721 1177 896 1245 somnium
909 1173 1093 1245 deductus
1115 1197 1166 1245 ac·

124 1295 244 1388 oepit,
270 1319 308 1367 se
337 1295 413 1366 lore
444 1296 625 1368 medicum
648 1297 790 1394 sibique
816 1299 1043 1370 Raruadtnn
1063 1320 1166 1392 ange·

121 1420 198 1489 lurn
223 1422 262 1490 in
282 1419 549 1492 artedaciunda
572 1424 703 1494 auxilio
727 1423 904 1492 futurum.
953 1423 1090 1517 Itaque
1116 1444 1165 1492 re·

119 1545 264 1637 ligionis
296 1545 474 1639 mysteriis
499 1545 662 1619 initiatus
684 1544 740 1617 ‘ad
772 1546 986 1628 medicinam
1015 1546 1166 1616 accessit

121 1654 381 1741 fiscamnus(
473 1715 478 1725 -
586 1704 591 1714 ·
779 1684 781 1689 “
819 1684 823 1689 ’

170 1790 267 1887 Quid
280 1794 350 1864 sibi
369 1776 610 1887 proposuerit,
636 1792 712 1887 ipse
728 1794 881 1887 explicat
893 1794 1007 1865 *initio
1028 1796 1162 1889 ope'ris,

31 1912 33 1916 ’
88 1897 221 1989 ‘hunc
250 1918 397 2012 quidem
416 1919 455 1985 in
475 1915 639 1987 modum:
675 1918 834 1987 »dicam
854 1941 1000 1989 errores
1025 1921 1165 1991 schola·

120 2064 200 2112 rum
230 2041 326 2111 circa
355 2063 434 2120 res,
467 2024 556 2136 quas
580 2038 717 2112 'temera
748 2042 979 2141 fundamenta
1010 2056 1163 2116 naturae

119 2166 316 2235 consacrez'
338 2165 471 2235 deinde
492 2167 531 2234 in
559 2178 709 2236 naturae
740 2159 946 2236 decidentia
971 2171 1165 2256 'ostendam

120 2289 285 2358 delectus
300 2291 375 2357 sive
388 2291 529 2358 morbos
539 2288 856 2381 abfantiqaiosibus
873 2293 1168 2384 ignotoslloce-

119 2415 167 2482 ho
182 2436 327 2507 quoque
348 2435 460 2504 nugas
477 2437 554 2483 esse
574 2413 739 2483 humores
761 2408 916 2506 quatuor
930 2424 967 2486 et
981 2416 1166 2512 quidquid

119 2537 191 2606 illis
209 2537 385 2606 hactenus
397 2549 451 2607 est
465 2537 655 2615 tributum,
676 2538 714 2605 i'n
728 2536 924 2629 perniciem
938 2538 1092 2612 hnmani
1107 2568 1168 2638 ge·

118 2662 216 2731 neris
237 2660 283 2729 ab
298 2659 454 2753 ethnicis
475 2659 675 2755 horumque
699 2662 959 2732 cacodaemone
981 2667 1169 2760 excogita·

118 2795 206 2854 turn.
255 2783 379 2879 Neque
404 2768 555 2856 tartaros
577 2784 653 2855 asse
673 2797 870 2879 patratores
886 2785 1164 2875 infirmitatum,

116 2931 236 3002 neque
264 2907 406 2977 morbos
436 2893 551 2980 tribus
572 2908 686 2978 initiis
711 2910 814 2990 oriri,
840 2920 882 2981 ut
904 2892 1028 3004 neque
1043 2937 1091 2983 ex
1110 2939 1168 2986 es-

117 3031 345 3110 sentialibus,
370 3057 459 3127 quas
479 3033 620 3129 chymia
631 3033 788 3124 jactitat.
837 3032 980 3104 Caelum
999 3035 1166 3132 denique

115 3158 274 3251 immune
304 3154 497 3224 vindicabo
523 3178 544 3225 a
569 3153 704 3225 morbis
734 3155 975 3229 seminalibus.
1023 3159 1166 3235 Census

115 3280 395 3366 medicaminum
417 3277 593 3374 simulque
619 3277 828 3350 medentum
857 3278 989 3352 abusus
1017 3283 1170 3355 utrobi·

115 3429 189 3500 que
216 3405 402 3477 charitatis
431 3427 514 3497 ergo
544 3426 728 3498 exponam.
776 3403 927 3475 Interim
952 3405 1167 3481 morborum

116 3541 327 3612 cantamen,
351 3552 416 3624 per
435 3552 538 3599 veras
555 3527 698 3600 illorum
721 3527 860 3599 radices
879 3528 1079 3602 instituam.
1112 3532 1167 3606 Ut

112 3678 188 3724 non
207 3670 272 3749 per
299 3653 499 3734 eontraria‚·
523 3676 641 3747 neque
669 3673 734 3745 per
758 3651 908 3731 similia,
934 3652 996 3723 sed
1025 3652 1166 3725 dunta-

116 3791 176 3847 xat
194 3802 259 3873 per
285 3779 411 3849 dotata
437 3789 475 3849 et
497 3776 974 3869 adpropriatainstitnantur
995 3776 1165 3849 medelae

116 3914 155 3970 ct
177 3905 401 3974 sanationes..
440 3881 620 3992 Quorsum
642 3925 726 3972 sane
749 3923 837 3993 opus
867 3899 938 3969 luit
962 3911 1076 3970 totam
1100 3923 1169 3972 an-

117 4002 300 4119 tiquorum
334 4026 590 4122 physiologiam
622 4027 808 4097 destruere
844 4039 952 4120 atque
984 4026 1165 4106 innovare
