2566 5040
354 397 930 480 onclrourmnuicacr1suu.
1103 414 1160 479 aaa
1205 464 1208 470 .
1253 504 1261 516 ι

122 597 198 668 tica
228 595 345 690 iisque
374 617 567 692 congruere
600 605 833 686 symptomata
853 592 1022 675 remedii,
1046 616 1160 688 qnae,

125 745 199 815 quo
220 720 379 792 exactius
401 717 658 812 respondeant,
683 741 726 788 eo
750 719 882 790 certius
904 719 1067 789 morbum
1083 719 1163 788 aba·
1261 767 1265 775 -

124 866 197 938 que
224 843 323 936 gravi
345 836 569 913 incommodo
594 842 731 912 tollent.

175 965 314 1061 Quodsi
338 977 571 1062 symptomata
589 988 723 1058 pauca,
752 986 820 1035 nee
847 966 1028 1059 cognitum
1046 989 1162 1037 reme·

115 1089 246 1187 dium,
274 1089 513 1182 seligendum,
546 1088 642 1184 quod
664 1088 798 1181 optimo
819 1089 1016 1182 proximum
1037 1088 1162 1180 sieque

123 1214 323 1286 remedium
345 1224 578 1307 symptomata
604 1212 798 1304 complebit
819 1224 855 1284 et
874 1212 1012 1283 facilior
1037 1212 1164 1282 redde·
1187 1243 1190 1248 ·

124 1348 188 1408 tur
209 1337 325 1407 morbi
347 1336 497 1409 medela.
620 1417 621 1423 ἵ

172 1460 314 1532 Morbos
327 1460 458 1532 locales
468 1460 566 1556 quod
585 1460 735 1539 attinet,
760 1471 903 1551 praeter
925 1458 1162 1554 chirurgicos,

124 1582 215 1653 nulli
240 1595 324 1654 sunt
346 1606 507 1678 quosque
527 1584 597 1654 boc
625 1586 769 1655 nomine
791 1592 1022 1676 nuncupant,
1047 1581 1163 1652 morbi

123 1717 212 1780 sunt
233 1709 372 1779 externi
391 1719 645 1802 symptomata,
668 1731 761 1800 quae
788 1710 818 1779 si
836 1719 981 1780 externa
1004 1705 1162 1780 curatio?

124 1854 171 1902 ue
199 1829 361 1912 auferas,
383 1830 718 1923 superest‘morbus
747 1832 909 1902 internus
932 1842 971 1902 et
999 1830 1162 1921 ingrave-

125 1954 197 2023 cit:
222 1952 320 2049 quod
341 1954 522 2046 retropelli
545 1965 693 2034 vocant,
720 1966 758 2026 at
782 1975 980 2046 perperam.

171 2079 227 2148 De
248 2075 454 2170 repetendis
476 2077 600 2148 auxilii
618 2078 765 2152 dosibus
784 2078 980 2150 tenendum
1000 2088 1075 2158 est,
1101 2099 1162 2167 ear

120 2225 197 2272 non
215 2199 348 2272 debere
366 2199 505 2280 iterari,
527 2201 700 2295 quamdiu
716 2203 880 2275 levamen
894 2202 1078 2295 persistat,
1103 2224 1163 2272 re·

120 2303 305 2418 mediique
333 2323 487 2395 adhibiti
506 2325 602 2409 actio
620 2326 786 2420 supersit.
833 2325 897 2397 Est
914 2335 1038 2396 autern
1056 2347 1162 2416 agen·
1204 2352 1207 2355 ·

120 2448 160 2518 di
183 2459 322 2540 tempus
343 2449 391 2519 in
419 2448 500 2519 aliis
524 2446 647 2529 aliud,
670 2451 729 2520 rix
758 2449 904 2521 brevius
930 2459 1049 2518 temen
1076 2471 1161 2546 nye

119 2572 293 2643 themera.
334 2569 476 2643 Verum
508 2582 679 2664 poterunt
707 2570 860 2642 subinde
887 2571 1068 2665 interponi
1089 2546 1161 2648 alia

120 2696 279 2799 analoga.
372 2742 383 2766 .·
970 2718 973 2722 ’

170 2820 216 2889 In
235 2817 413 2890 chronicis
435 2817 568 2890 morbis
588 2818 758 2892 chronica
784 2816 989 2892 adhibenda
1016 2815 1157 2890 curatio

119 2954 195 3026 est,
221 2967 336 3039 eaque
347 2941 467 3014 danda
480 2943 656 3027 remedia,
673 2967 828 3040 quornm
849 2942 983 3015 tardior
1001 2941 1158 3013 efficaci·

117 3080 175 3141 tas
197 3049 306 3162 atque
329 3089 469 3162 semper
493 3067 614 3140 diaeta
630 3069 775 3163 plurimi
796 3066 961 3138 iacienda
979 3077 1044 3138 est
1149 3098 1154 3104 ·

168 3191 354 3263 Formulee
371 3191 658 3286 praescribantur
684 3190 881 3285 simplices.
910 3201 954 3261 ut
971 3188 1082 3285 probe
1102 3200 1157 3261 te·

116 3327 251 3387 neatur
269 3317 383 3387 virtus
398 3316 554 3388 remedii
566 3315 743 3410 simulque
765 3326 888 3387 exacta
908 3315 957 3418 sit
976 3314 1072 3387 dosis
1093 3313 1157 3385 de·

116 3438 255 3519 finitio,
288 3459 383 3532 quae
413 3458 609 3536 numquam
632 3437 727 3510 adeo
754 3462 864 3532 parva
894 3437 987 3513 scuni
1015 3447 1154 3532 potest,

115 3561 208 3656 quin
227 3561 390 3655 potentia
415 3562 578 3636 morbum
601 3563 802 3634 naturalem
826 3571 980 3656 superet.
998 3604 1013 3640 -;
1029 3562 1154 3665 Neque

114 3684 292 3778 frangitur
317 3695 382 3758 aut
409 3684 621 3760 debilitatur
648 3685 825 3758 dilutione
860 3683 1039 3779 (exceptis
1068 3685 1153 3757 vino

116 3807 265 3902 vinique
298 3808 427 3905 spiritu
459 3833 538 3905 pag.
557 3806 638 3883 306.
662 3810 702 3880 in
728 3807 1153 3903 nota),quendoquidem

114 3955 190 4003 non
215 3945 326 4026 agrmt
345 3934 516 4024 materia,
544 3933 608 4004 sed
633 3956 826 4007 nervorum
846 3942 1015 4004 contactu
1042 3931 1153 4024 dyna-
1205 3920 1217 3951 ‘
1276 3944 1280 3956 ·

113 4058 231 4131 mico:
256 4058 419 4134 similiter
439 4081 481 4129 ae
500 4059 780 4140 Mermerismus,
797 4081 861 4129 seu
876 4055 1152 4158 *magnetismum
1279 4115 1281 4120 .
