2566 5040
113 368 138 427 s
497 363 785 426 unsarai

116 539 203 617 to
222 551 390 636 repetere
413 537 603 632 oportebat
626 540 767 636 ipsique
784 537 899 611 morbi
925 539 970 613 ad
991 542 1164 620 Janovru

115 665 369 742 rdacbmtnr
402 663 515 746 nam,
551 663 717 736 innotare
755 661 981 763 habebantur
1016 691 1161 760 poenae
1190 734 1194 740 .

114 786 477 888 laqoemabauurr
496 785 622 858 salutis
633 795 796 857 auctore:
814 808 921 879 quam
941 793 1162 865 sententiam

116 915 336 994 maiam,
360 932 455 1008 quae
481 909 650 1003 leguntur
677 908 773 979 Libr.
802 910 910 981 Mors.
932 911 974 981 11
985 965 993 992 ‚
1027 937 1057 984 c.
1079 915 1161 991 XV.

114 1064 170 1112 ss.
191 1037 257 1120 26,
280 1036 347 1109 ubi
371 1035 470 1107 Deus
500 1033 645 1105 Jnucvs
671 1033 741 1104 ait:
791 1029 876 1130 Ego
904 1034 1048 1110 Juucvs
1073 1063 1159 1112 acm

115 1163 275 1238 motu
294 1166 426 1234 caster·-
540 1174 545 1186 ’

164 1288 310 1361 Jnuovr
331 1281 505 1380 populum
518 1278 651 1353 morbis
671 1279 869 1376 affligebat,
896 1294 1065 1380 tanquam
1079 1307 1160 1357 ma·

115 1410 330 1485 leiactorum
358 1417 397 1479 ct
417 1405 633 1477 delictorum
653 1427 786 1498 poenas
812 1420 996 1500 repetens,
1021 1431 1160 1504 eosque

115 1535 275 1610 vicissim
294 1529 460 1613 sanabet,
485 1527 602 1600 sicubi
624 1527 671 1598 ad
690 1527 824 1623 Regem
843 1517 1006 1604 divinum
1021 1531 1160 1626 suppli·

74 1700 80 1713 ›
115 1683 178 1736 ces
195 1665 466 1731 reverterentur
483 1675 688 1748 pennasque
706 1650 995 1747 deprecarentur.
1016 1651 1159 1726 *Abun-

116 1782 181 1856 dat
203 1779 449 1855 israelitarum
465 1774 614 1848 historia
629 1774 842 1846 testimoniis
857 1777 951 1848 hanc
969 1776 1159 1851 vindictae

29 1995 32 2000 ,
114 1901 261 1977 divinas
279 1901 455 1977 rationem
473 1880 720 1971 firmantibusr
745 1900 821 1972 sive
838 1901 932 1994 ipsos
952 1912 1160 1994 spectemus

116 2024 323 2099 aberrantes
343 2023 383 2094 in
406 2022 550 2096 deserto
578 2020 719 2116 licique
746 2023 897 2096 vocibus.
919 2047 993 2095 non
1017 2025 1158 2120 obtem-

115 2158 302 2246 perantes,
336 2146 413 2220 sivc
438 2145 506 2221 sub
535 2143 724 2228 Judicum,
757 2146 832 2219 sive
851 2147 919 2219 sub
941 2148 1078 2243 Regum
1102 2151 1158 2222 vi-

115 2282 243 2347 sentes
269 2269 444 2365 imperio,
471 2270 588 2342 Deum
614 2269 790 2341 cemimus
816 2282 855 2343 et
880 2270 1089 2345 morborum
1117 2284 1162 2351 et

116 2394 343 2470 sanationum
363 2405 558 2467 auctorem.

129 2510 131 2514 Α
163 2519 282 2592 Huius
307 2529 429 2589 auten
456 2513 585 2588 summi
610 2516 741 2589 medici
759 2519 961 2591 sacerdotes
986 2519 1061 2593 sive
1083 2519 1157 2595 Le·

114 2641 213 2717 vius
239 2639 392 2713 ministri
415 2649 519 2710 erant
537 2663 580 2709 ac
598 2639 739 2723 famuli,
763 2642 947 2735 politeiam
972 2643 1156 2716 medicam

113 2767 285 2863 legesque
307 2786 424 2837 sacras
442 2762 652 2835 diaetcticas
670 2745 923 2838 custodientes.

163 2889 359 2984 Postquam
379 2899 525 2983 propter
541 2885 753 2981 depravatos
771 2890 894 2985 populi
921 2889 1154 2988 ipsorumque

115 3013 464 3087 sacerdotummores
477 3011 727 3107 prophetasad
739 3036 839 3084 suam
853 3024 993 3107 gentem
1003 3015 1155 3091 miserat

114 3135 278 3216 Juncvs,
304 3135 344 3204 hi
366 3157 410 3205 ex
435 3133 553 3206 divini
574 3132 681 3228 Regis
706 3137 919 3215 auctoritate
943 3147 982 3208 ct
1007 3138 1154 3212 morbos

114 3258 319 3333 inserebant
341 3265 378 3328 et
399 3279 421 3327 a
438 3256 570 3328 morbis
591 3257 801 3330 liberabunt.

164 3381 300 3455 Exinde
329 3391 409 3475 post
437 3382 600 3453 exsilium
637 3382 909 3476 Babylonicum,
949 3410 1032 3456 cum
1060 3385 1154 3461 alia·

114 3513 195 3580 rum
217 3528 361 3602 qnoque
380 3505 541 3598 gentium
562 3505 944 3591 moresadscivissent,
968 3511 1153 3586 medicina

116 3629 291 3725 quaedam
305 3627 442 3699 exstitit
460 3631 615 3724 magica,
639 3652 733 3725 quac
755 3653 818 3721 per
834 3631 1000 3703 lormulas
1014 3656 1150 3719 sacras,

92 3752 287 3833 carmina,
312 3752 522 3823 exorcismos
551 3754 684 3825 morbis
714 3753 938 3840 medebatur,
961 3781 1071 3852 quarn
1095 3761 1152 3832 la.

116 3873 261 3946 ciebant
284 3898 304 3945 e
327 3875 557 3984 Fariaacisoet
580 3877 749 3958 eruditis,
769 3878 977 3963 daemones,
1003 3885 1066 3977 qui
1086 3885 1153 3957 ha·

114 3998 293 4071 bebantur
331 3997 535 4068 morborum
571 4012 757 4089 auctores,
797 4004 964 4076 remediis
999 4011 1151 4102 magicis

113 4117 324 4219 expellendo
346 4131 453 4216 atque
479 4120 644 4218 fugando.
