2550 5040
412 387 848 455 turanorououtt.
1096 384 1159 451 'm

112 534 257 645 aionem.
298 565 357 642 .Ut
381 569 520 660 siguum
545 566 737 636 sustulerat
762 567 1078 644 Bcuuuuaacmus,
1104 564 1160 635 aie

112 695 230 767 secuti
250 702 333 762 sunt
353 691 472 783 plures
498 701 535 759 et
561 690 656 758 iuter
679 690 847 784 aequales
866 688 1013 781 quidem
1042 689 1161 759 Jauaa

113 821 265 892 ccwros·
288 818 499 894 Parenta»,
524 813 630 906 cujus
656 813 749 882 liber
778 812 937 913 virorum
966 812 1162 883 doctorum?

113 941 284 1034 suffragia
304 939 388 1008 tulit
410 937 466 1030 (*).
516 938 647 1032 Itaque
668 937 820 1008 historia
837 930 992 1007 hominis
1008 936 1166 1032 physica
1253 969 1256 974 v

114 1065 241 1146 condi,
281 1087 363 1132 curn
396 1061 547 1137 historia
579 1061 735 1142 telluris,
772 1063 990 1156 plantarum,
1024 1059 1165 1130 anima·¹

82 1172 85 1177 ⁵
112 1192 202 1262 lium
226 1191 456 1283 ipsorumque
475 1185 679 1257 morborum
704 1190 862 1281 cumque
880 1184 1001 1257 studio
1020 1185 1166 1277 lingum

112 1338 193 1387 rum
230 1311 420 1404 conjungi,
454 1307 563 1381 immo
595 1312 748 1381 societas
782 1311 1011 1404 ethnotogica
1044 1312 1167 1380 creari
1221 1299 1224 1304 Ι

114 1437 253 1532 coepit:
279 1459 373 1532 quae
391 1436 486 1505 omia
508 1445 702 1517 testantur,
729 1446 953 1530 quantopere
977 1434 1071 1505 hano
1088 1433 1168 1504 sibi·

115 1560 358 1657 coguitionem
379 1581 583 1652 comparare
606 1561 987 1632 aveant-scientiarum
1010 1572 1163 1631 natura-v
1208 1548 1211 1553 ’

113 1689 204 1759 lium
236 1688 401 1757 cultores.
964 1694 967 1699 ·

139 1796 144 1811 ’
163 1814 358 1905 Hucusque
371 1808 603 1903 perduximus
618 1808 806 1881 historiam
825 1808 1044 1890 medicinae,
1065 1834 1170 1904 quaes

115 1963 174 2019 ea,
210 1958 317 2031 quam
346 1934 518 2015 vivimus,
559 1943 679 2004 aetate
712 1933 750 2003 iu
780 1934 968 2005 historiam
1003 1935 1160 2004 hominis
1196 1983 1199 1987 ,

116 2059 280 2134 transire
307 2057 467 2129 ridetur,
526 2058 578 2128 Ea
612 2071 734 2128 autem
772 2081 846 2126 non
881 2069 1024 2128 tautum
1066 2081 1163 2128 com·

114 2183 287 2280 plectitur
321 2180 477 2253 hominis
505 2182 663 2277 physici,
703 2192 775 2252 tam
802 2160 896 2263 sani,
926 2167 1035 2278 quam
1064 2167 1161 2274 aegri

116 2307 318 2390 historiam,
346 2330 471 2377 verum
492 2307 600 2377 etiam
621 2306 775 2378 hominis
800 2307 979 2402 psychici,
1007 2306 1161 2376 moralis:

115 2433 206 2504 Num
224 2441 267 2500 ut
287 2431 493 2523 incorpore
514 2431 669 2502 hominis
689 2431 848 2524 speeiem
874 2432 1072 2511 cernimus,
1109 2430 1163 2500 sic

117 2557 273 2628 animum
302 2553 461 2645 corporis
488 2553 662 2636 incolam,
697 2577 824 2626 rerum
853 2575 1027 2624 vocamus
1048 2555 1172 2625 homi*

116 2705 209 2756 uem
259 2679 307 2750 Et
322 2676 624 2773 quemadmodum
641 2677 688 2748 ab
705 2702 780 2748 vuna
806 2689 908 2772 parte
933 2700 1016 2748 cum
1040 2697 1163 2750 rerum

115 2816 246 2876 natura
273 2802 442 2874 universa
472 2802 644 2873 cohaeret
671 2802 870 2884 medicina,
903 2803 955 2872 sic
978 2802 1024 2872 ab
1050 2803 1173 2874 attera

115 2927 270 3000 hominis
312 2928 470 2999 animum
512 2927 722 3020 investigat,
764 2927 909 2999 divinae
950 2927 1165 3020 particulam

116 3076 246 3122 aurae:
281 3052 386 3145 eujus
417 3053 448 3124 si
477 3065 597 3125 careat
623 3052 855 3147 cognitione,
891 3049 1164 3147 anthropolog‘ia
1260 3073 1263 3077 ’

117 3200 244 3248 manca
265 3176 336 3246 erit
364 3187 401 3247 et
425 3177 646 3271 imperfecta.
1004 3257 1008 3268 ,

166 3299 355 3370 Hominem
385 3324 470 3370 vero
507 3301 771 3396 contemplatur
793 3325 867 3372 non
894 3298 1096 3394 perfectum
1123 3301 1187 3370 il-·
1256 3291 1257 3296 ¹

117 3426 211 3505 lum,
235 3424 299 3494 sed
319 3425 377 3495 rel
396 3427 547 3498 maxime
562 3426 834 3522 imperfectum,
859 3423 992 3495 morbis
1006 3437 1044 3493 et
1059 3424 1177 3495 morti,-

118 3548 332 3619 obnorium:
359 3549 424 3641 qui
446 3572 466 3619 a
487 3552 649 3645 perfecto
672 3563 822 3624 naturae
847 3574 932 3621 suae
958 3562 1042 3644 typo
1066 3547 1173 3619 abest

115 3675 330 3769 plurimum,
362 3672 401 3743 iu
429 3700 503 3771 quo
527 3689 719 3775 supersunt
744 3689 866 3750 tamen
887 3673 1062 3770 pristinae
1084 3684 1175 3745 eon·-

128 3865 319 3889 ιιι-ιιι...
389 3860 392 3867 ’

158 3993 203 4061 (*)
223 3992 319 4068 Hujus
339 3993 428 4052 studii
452 3993 684 4073 anthropologici
702 3986 787 4052 etiam
799 4074 801 4079 Δ
813 3995 952 4054 iudicium
978 4007 1023 4056 eat
1043 3997 1170 4057 Galam

117 4093 338 4176 crunioscopia,
362 4100 548 4179 quac'ipaum
569 4101 717 4180 promovit
735 4099 903 4180 plurimum.
