2550 5040
481 396 782 460 GALENUS.
1114 400 1154 470 ω

111 570 207 643 dnm
224 568 408 645 nudavit:
434 571 546 644 verbo
569 578 780 649 medicinam
801 577 938 649 crearit
968 577 1155 653 scholasti·

114 721 216 777 com.
255 696 331 766 eirc
370 721 500 792 corpus
528 699 714 773 doctrinae
742 704 915 783 moieno,
950 703 1050 798 quod
1080 703 1152 775 hoc

113 841 281 918 quoquc,
305 818 404 916 quod
424 819 594 903 vivimus,
621 846 710 896 aero
737 838 909 920 superest.

173 946 305 1039 Itaque
333 944 463 1016 struxit
489 943 654 1017 Gerenos
671 947 888 1020 'aedificium
912 946 1155 1021 doctrinarum

113 1068 383 1140 medicinalium
415 1067 581 1139 omuibus
616 1069 746 1141 seculis
777 1070 927 1153 futuris,
959 1073 1064 1166 cujus
1093 1073 1156 1144 illa

116 1204 173 1266 cst
199 1192 340 1263 utilitas
368 1193 535 1273 maxima,
568 1180 667 1285 qu'od
695 1178 869 1267 novarum
905 1195 1156 1269 inventionum

117 1318 293 1412 supellex,
338 1314 627 1387 obserrationum
673 1317 791 1411 sylva,
834 1319 1157 1414 experimentorum

121 1441 400 1547 promptuarium
419 1436 545 1507 haberi
565 1440 695 1532 possit,
719 1465 791 1536 quo
810 1466 873 1512 suo
893 1466 1057 1543 quaeque
1073 1442 1155 1512 loco

124 1564 265 1635 recondi
296 1562 440 1656 suisque
470 1559 675 1633 nominibus
701 1563 873 1658 adpellari
901 1577 1011 1659 atque
1040 1565 1185 1635 medi-v

129 1683 221 1759 cinae
252 1687 421 1780 antiquae
445 1695 483 1756 ct
510 1687 719 1757 recentioris
748 1687 968 1759 theoremata
1000 1688 1156 1760 conferri

135 1832 239 1883 secum
271 1809 427 1881 invicem
459 1819 604 1903 queant.
664 1809 776 1902 Cujus
811 1823 935 1881 contra
972 1811 1063 1882 illud
1100 1823 1157 1883 est

137 1929 286 2008 donnum
314 1956 357 2002 ac
383 1920 529 2014 vitium]
560 1932 659 2028 quod
684 1932 833 2003 rationis
858 1935 1023 2005 cancellis
1042 1934 1155 2009 medi-

137 2054 241 2131 cinam'
262 2052 467 2145 includens,
500 2055 614 2127 libero
651 2057 762 2151 ipsius
791 2057 1012 2130 incremento
1041 2058 1154 2140 obsit,

68 2246 70 2275 ἱ
134 2178 295 2275 ignaviam
320 2191 466 2274 generet
490 2190 600 2275 atquc
623 2179 758 2250 leviora
774 2179 917 2274 ingenia
944 2180 1061 2271 lallat,
1086 2205 1152 2276 pro

68 2286 70 2313 ⁵
130 2303 195 2400 ipsa
222 2305 374 2377 scientia
409 2304 565 2399 speciem
599 2315 636 2374 et
676 2303 841 2374 umbram
877 2305 1154 2398 amplectentia,

125 2451 223 2523 quem
251 2428 416 2498 timorem
445 2426 542 2497 haud
565 2450 697 2497 vanum
723 2451 824 2508 esse,
848 2437 1047 2521 temporum
1072 2450 1152 2521 pos-

123 2552 306 2635 teriorum,
341 2576 464 2622 eorum
499 2552 666 2631 maxime,
700 2574 793 2645 quaa
829 2547 970 2622 Gnnn
996 2561 1152 2621 aetatem

117 2677 273 2773 proxim
296 2686 419 2748 secuta
442 2687 542 2756 sunt,
566 2658 717 2745 historici
741 2683 904 2743 testatur.

346 2892 861 2983 'consternare

97 3208 101 3217 ·
165 3169 195 3242 1.
243 3168 372 3242 Tribus
405 3170 556 3242 maxime
594 3167 778 3264 principiis
813 3168 943 3240 nititur
986 3166 1153 3244 doctrina

100 3324 104 3329 ·
235 3293 394 3368 Garum:
438 3296 571 3391 placito
611 3294 659 3364 de
699 3292 903 3374 clementis,
948 3295 1153 3388 cognitione

235 3419 393 3510 corporis
420 3420 636 3502 anatomica‚
670 3415 968 3510 interpretatione
1003 3419 1153 3492 telcolo·

237 3543 333 3637 gica:
359 3544 472 3637 primo
501 3566 582 3612 cum
613 3541 895 3636 Hippocraticis,
927 3540 1040 3612 altero
1068 3542 1153 3643 culn

235 3667 508 3747 Alexandrinis,
530 3666 636 3737 tertio
668 3690 750 3736 cum
778 3666 944 3737 Pearonre
974 3669 1154 3749 consentit

234 3801 272 3860 et
294 3791 433 3862 Stoicis.
480 3790 551 3861 Per
573 3791 673 3884 prius
691 3789 989 3884 jatrochemicac,
1015 3811 1080 3883 per
1102 3791 1152 3860 al·

235 3926 351 3986 terum
380 3914 707 4008 jetromcchanicac
720 3964 737 3996 „
760 3936 825 4009 per
862 3913 1009 3983 tertium
1037 3888 1151 4007 jetro·

183 4082 186 4087 »
233 4038 423 4133 psychicae
449 4037 540 4110 lavit
575 4039 770 4109 doctrinae.
830 4038 956 4108 Forma
993 4035 1152 4134 denique

900 4156 948 4221 tt
