2566 5040
126 423 182 486 HS
359 427 544 488 SCHOLA
574 426 925 492 SALERNITANAE

76 648 79 656 ,
125 602 250 672 nitana
277 600 387 694 hujus
415 604 640 684 monasterii,
665 617 707 675 ut
726 606 888 688 videtur,
914 627 1088 700 propago,
1115 631 1167 678 se·

122 727 318 796 'minarium
348 724 419 798 luit
443 751 485 797 ac
508 728 586 799 lons
610 729 805 809 dicendus,
830 729 927 800 unde
949 730 1070 802 cultus
1093 755 1169 803 ma·

127 851 295 922 dicinalis
321 852 440 921 medio
463 875 551 921 aevo
578 853 757 923 derivavit
783 854 920 923 omnis„
953 855 1056 948 Quae
1086 879 1167 926 cum

124 976 179 1047 ita
206 975 295 1056 sint,
320 974 532 1075 perillustris
555 975 646 1045 haec
673 958 874 1046 medicinae
896 980 1023 1059 sedes,
1051 981 1167 1051 Saler-

125 1125 213 1171 num
234 1102 311 1194 ajo,
337 1107 375 1169 et
393 1110 537 1191 propter
565 1099 658 1168 coeli
683 1098 929 1193 salubritatem
954 1114 992 1174 et
1019 1116 1167 1198 propter

17 1251 20 1259 ·
119 1223 312 1295 'doctorum
334 1246 380 1292 ac·
395 1221 653 1315 discipulorum
677 1222 806 1295 lamam
827 1225 1042 1319 juremerito
1066 1225 1168 1300 Civi-

58 1389 60 1396 1
122 1358 179 1420 tas
197 1347 296 1418 dicta
313 1358 368 1417 est
393 1336 672 1439 Hippocratem.

412 1593 880 1666 QUAESTIONEn

119 1840 123 1845 ’
169 1848 202 1919 Ι.
242 1847 343 1941 Quae
373 1847 444 1918 fuit
471 1848 670 1919 medicinae
709 1871 830 1918 sacrae
856 1848 895 1943 in
929 1848 1015 1919 orbe
1044 1847 1163 1920 Chris.

243 1973 362 2052 tiano,
384 1971 523 2053 medio,
548 1972 646 2068 quod
669 1971 820 2050 dicitur,
847 1994 936 2042 aevo
957 1972 1082 2064 origo?

154 2097 207 2167 ΙΙ.
246 2097 433 2186 Quatenus
461 2096 538 2188 ipsa
567 2096 691 2166 similis
713 2107 768 2165 est
793 2107 856 2165 aut
883 2095 1064 2166 dissimilis
1086 2121 1167 2168 me·

238 2219 381 2290 dicinae
405 2241 525 2290 sacrae
550 2219 770 2293 Graecorum
789 2229 826 2288 et
850 2219 1114 2317 Romanorum?

128 2345 201 2415 ΙΙΙ.
238 2343 425 2435 Undeuam
444 2344 541 2417 illius
559 2343 755 2418 diaetelica
774 2341 866 2413 ratio
888 2344 932 2413 ac
952 2342 1090 2440 indoles
1106 2368 1181 2416 re-

237 2467 470 2561 posidebat?

141 2594 207 2668 IV.
241 2593 366 2686 Qualis
385 2592 456 2664 luit
483 2592 553 2663 hoc
578 2603 737 2687 tempore
765 2591 948 2663 institutio
977 2593 1024 2663 ad
1050 2591 1166 2664 medi-

117 2712 121 2717 ’
235 2717 379 2788 cinam?

52 2882 55 2889 =
160 2841 203 2915 V.
240 2841 425 2935 Quaenam
447 2852 524 2913 tum
541 2839 690 2933 politeia
715 2837 882 2910 medical

526 3136 746 3165 ψ

113 3413 127 3440 ε
205 3337 396 3394 BELLUM
424 3334 815 3408 SACRUM‚AETAS
845 3333 1061 3392 HEROICA

394 3443 536 3501 ORBIS
565 3439 908 3530 CHRISTIANI.¹

561 3593 597 3652 s.
616 3560 700 3655 1096.
811 3578 815 3585 “

168 3843 269 3915 Bello
294 3788 412 3927 sacru,
444 3869 517 3942 quo
542 3845 656 3916 omnis
686 3841 918 3937 Reipublicae
947 3839 1151 3933 Europaeac
1189 3888 1192 3892 -

16 4019 19 4023 >
115 3967 228 4041 forma
245 3982 383 4041 mutata
396 3982 466 4050 cst,
476 4047 478 4051 ¹
490 3969 648 4040 Orientis
661 3968 829 4054 morbi-in
849 3966 1029 4052 Europam
1044 3977 1153 4035 trans·

112 4092 353 4187 laticumque
383 4095 426 4165 iis
456 4094 615 4166 Orientis
638 4094 852 4167 medicinae.
903 4090 978 4186 Ipsi
1005 4090 1154 4186 Equites
