2566 5040
305 268 326 331 -t

417 391 845 464 ecrtrcrncrre
943 407 946 412 ·
1091 389 1196 500 'tit

118 594 328 674 spasmoque
350 597 430 646 cum
451 576 522 647 hoc
541 579 754 674 conjuncto,
779 580 875 652 actio
897 577 1016 651 cordis
1039 581 1151 676 majo-¹

115 721 271 796 rumque
289 723 453 771 rasorum
473 702 642 774 increscit
666 713 773 798 atque
792 714 900 774 aucta
919 726 995 774 esse
1014 706 1150 797 pergit,

116 826 237 898 donec
275 825 442 898 restituta
472 825 521 896 sit
552 825 689 896 cerebri
724 828 890 920 energeiu
920 837 958 897 et
986 826 1153 920 energeio

115 972 284 1024 vasorum
313 947 547 1018 minimorum
567 973 569 977 ’
586 950 785 1046 horumque
825 950 921 1019 actio
953 973 995 1020 ac
1027 950 1152 1034 simul,

109 1074 260 1146 ⁴sublato
281 1092 435 1165 spasmo,
462 1073 617 1144 excretio
637 1072 775 1144 sudoris
803 1073 945 1169 aliaque
968 1074 1154 1146 relaxatio⁴

116 1199 176 1271 nis
196 1218 408 1290 organorum
426 1197 693 1268 excernentium
710 1210 902 1270 cernantur
917 1194 1060 1268 indicia.
1157 1276 1160 1282 ,

166 1304 322 1398 Videtur
339 1318 514 1392 Grumum
532 1319 571 1390 in
586 1320 657 1391 hee
669 1322 823 1406 theoria,
841 1335 884 1395 ut
902 1323 1000 1418 prius
1017 1320 1153 1394 iecerat

117 1450 373 1524 flemmarum,
396 1443 600 1517 morborum
621 1444 803 1518 iebrilium
827 1456 951 1542 typum
974 1438 1021 1516 ab
1044 1446 1156 1516 inter-

116 1566 347 1645 mittentibus
371 1565 530 1651 duxisse,
554 1567 651 1640 unde
674 1570 788 1641 multa
811 1571 924 1666 ipsius
945 1569 1077 1664 placita
1099 1568 1156 1643 ia·
1242 1573 1248 1581 ’

116 1678 281 1768 citiorem¹
294 1690 433 1773 habeut
445 1691 627 1788 magisque
646 1692 868 1765 commodam
885 1693 1155 1788 interpretatio·

115 1843 212 1894 nem.
237 1814 435 1908 Distinguit
447 1813 586 1886 febrem
601 1816 639 1886 in
653 1816 893 1909 synocbumet
908 1815 1068 1911 typhum.
1090 1817 1153 1901 in·

114 1953 174 2015 ter
185 1964 325 2013 caussas
335 1961 466 2022 earum,
477 1950 620 2034 praeter
636 1936 830 2021 miasmata,
841 1941 1031 2032 praecipue
1042 1937 1154 2034 frigus

113 2076 301 2145 recenset,
326 2064 502 2157 cujusvis
525 2061 783 2162 relabentem,
805 2062 864 2134 vel
885 2060 1052 2143 relativa,
1080 2062 1154 2156 agit

115 2187 295 2267 sedando,
329 2185 536 2269 excitando,
564 2185 830 2282 *adstringendo
890 2185 935 2256 In
967 2186 1153 2258 curatione

114 2310 286 2408 reprobat
317 2309 512 2393 cetharsiu,
548 2307 672 2380 iaudat
708 2310 827 2379 tonica
855 2307 1153 2403 antisposmodica

116 2433 164 2528 (c.
182 2437 311 2508 Perur.
330 2434 403 2507 rin.
424 2435 570 2527 opium.)
596 2431 891 2503 Inflammationis
907 2414 1154 2525 paritertheo-
1176 2497 1182 2506 .

113 2559 171 2633 ria
197 2557 384 2654 dynamica
406 2567 480 2637 est,
510 2555 622 2626 ducta
649 2554 703 2624 ab·
723 2554 863 2624 actione
892 2555 1045 2637 stimuli,
1071 2530 1153 2650 pro-

115 2693 270 2756 vocante
302 2703 479 2775 spasmum
505 2677 716 2748 arteriarum
744 2675 996 2748 minimarum
1029 2679 1076 2750 In
1099 2701 1154 2748 ar.

114 2802 269 2878 thritide
299 2803 414 2875 oritur
437 2803 552 2898 primo
581 2796 701 2872 atonia
733 2810 896 2880 artuum,
931 2821 1025 2895 quae
1058 2820 1154 2872 com*

114 2931 323 3007 munientur
347 2953 428 3000 com
451 2924 651 2999 ventriculo
674 2943 855 3018 quamque
870 2924 982 2995 tollit·
1000 2936 1154 2997 naturae

115 3056 173 3129 ris
193 3053 419 3132 medicatrix,
444 3049 621 3144 reugendo
643 3049 681 3119 in
700 3061 797 3121 artus
816 3045 941 3143 ibique
964 3047 1154 3121 excitando

114 3178 368 3272 congestiones
387 3187 423 3246 et
441 3187 559 3246 motus
577 3171 819 3268 phlogistieos.

168 3300 323 3374 Theoria
345 3300 633 3395 pharmaceutica
651 3297 803 3370 Corrnu
825 3289 1061 3392 pathologiee‘
1074 3286 1155 3366 cut

117 3425 282 3497 lenianae
311 3422 512 3519 respondet
569 3420 645 3494 Niti
680 3421 848 3492 nimirum
880 3420 1056 3515 propriam
1077 3443 1153 3490 me-

119 3547 339 3620 dicaminum
357 3547 535 3618 actionem
554 3567 659 3614 sensu
678 3555 716 3615 et
735 3523 976 3616 irritabilitate
995 3543 1151 3640 corporis

121 3683 161 3743 et
188 3671 394 3742 omatibus
423 3692 499 3740 esse
527 3667 567 3737 in
590 3690 719 3760 genere
747 3688 939 3739 nervorum
973 3667 1153 3740 suscitatis

119 3816 275 3892 cumque
290 3797 368 3867 aliis
380 3792 541 3888 partibus
559 3791 838 3873 communicetis,
849 3814 1040 3863 consensus
1050 3793 1153 3866 ride·

73 3899 79 3913 ’
118 3918 228 4000 licet,
243 3921 317 3991 sive
334 3913 573 4013 sympatheiae
584 3932 775 4018 nervorum
789 3932 917 4008 opere:
941 3919 1152 4010 praesertim

120 4040 361 4131 umbiculo
382 4041 423 4112 in
440 4038 526 4111 alias
549 4038 706 4134 corporis
734 4049 854 4136 partes
878 4038 1152 4135 progredientis.

912 4155 969 4221 ib*
