2566 5040
164 393 213 465 aa·
411 397 912 494 ,aectaaaaoaa

167 575 432 657 monuero,
466 576 603 671 origine
636 573 797 651 Groeoua
821 589 861 651 et
887 575 1138 673 philosophiae
1170 589 1215 667 et

168 698 346 773 oratoriae
363 700 455 781 ertia¹
468 701 625 794 peritus,
646 700 750 794 cujus
772 713 968 773 torrentem
989 724 1032 772 ao
1050 701 1213 773 medita·

167 821 463 897 temerationem
486 823 632 897 Pueros
660 823 833 906 celebrat.
860 849 968 921 quem
983 822 1215 922 eloquentia

130 966 134 981 ‘
168 948 329 1023 medicos
345 933 504 1019 caeteros
523 947 652 1019 vicisse
670 947 781 1021 refert
798 947 947 1027 memo.
972 946 1050 1042 ipae
1076 959 1116 1020 ot
1127 972 1214 1039 me-

167 1073 253 1147 dieo
272 1085 309 1144 et
325 1073 440 1143 amieo
459 1096 545 1144 usus
561 1073 696 1166 quique
715 1095 798 1143 oum
816 1072 1003 1155 facundia,
1028 1083 1212 1147 tumette

168 1197 382 1300 obsequiosa
414 1195 573 1266 omnium
597 1194 734 1267 animoa
761 1196 830 1268 eibi
863 1197 1082 1270 conciliarit.
1132 1197 1213 1271 sei-

166 1322 256 1394 lioet
274 1321 374 1393 haud
398 1321 543 1412 ignarus
565 1317 808 1394 Aponianam
831 1320 998 1393 fortunae
1023 1320 1213 1395 mitiorem

167 1444 337 1518 adhibuit
365 1443 597 1526 methodum,
629 1451 729 1540 quae
754 1444 958 1517 diaetetieia
973 1423 1106 1540 'iipque
1133 1467 1215 1517 non
1265 1478 1269 1489 ·

165 1556 401 1664 injucundiorv
431 1561 534 1650 aino,
567 1568 642 1639 leui
668 1569 826 1664 eorporia
851 1580 989 1652 motu,·
1005 1567 1214 1663 gestatione

135 1693 416 1790 vsimilibusque
454 1691 644 1776 utebatur,
675 1718 770 1791 quae
804 1695 1046 1766 Romanorum
1080 1714 1212 1788 eorpo-

166 1821 268 1893 ribua
281 1819 423 1891 luxuria
439 1815 560 1889 [raetia
572 1829 650 1890 erat
661 1808 760 1911 apta:
785 1831 828 1890 ut
843 1819 923 1912 pius
935 1817 1044 1890 etiam
1059 1814 1215 1890 vivendi

166 1956 265 2027 arte,
300 1956 410 2038 atque
441 1941 613 2026 oonsilio,
646 1967 756 2039 quam
786 1941 957 2015 medendi
987 1942 1143 2016 seientia
1174 1951 1215 2014 et

59 2101 63 2117 ¹
167 2068 323 2143 valuisse
342 2077 381 2137 et
401 2066 622 2157 praestitisse
641 2066 818 2139 videatur.

216 2189 279 2264 Aa
308 2190 457 2278 Eareuaa
477 2188 739 2284 philosophiam
755 2189 922 2262 Romania
940 2189 1017 2263 ¹hoe
1044 2201 1217 2285 tempore

168 2325 356 2411 aoeeptam
377 2313 627 2385 ooniormavit
653 2338 754 2386 auam
783 2312 985 2385 doctrinam
1013 2313 1216 2397 medicam,

98 2448 101 2454 “
168 2464 264 2537 quae
286 2438 528 2533 eorpuaeulari
548 2437 790 2510 Eleatioorum
812 2450 1003 2534 systemate
1025 2438 1219 2511 nitebatur

170 2563 297 2636 omnia.
354 2561 551 2634 Sanitatem
587 2561 756 2635 definivit
788 2562 944 2634 liberum
972 2586 1038 2658 per
1067 2564 1219 2637 canale·

168 2700 335 2787 patenter
366 2709 554 2759 suenorum
580 2698 734 2769 motum,
757 2686 829 2782 qui,
842 2686 873 2758 ei
892 2699 1042 2785 propter
1068 2698 1220 2782 atagna-

156 2811 629 2920 rtionemnorpusoulorum
660 2811 897 2904 impedietur,
927 2821 991 2883 aut
1018 2809 1134 2883 Came
1161 2812 1219 2885 in·

170 2949 351 3033 terprete,
385 2937 416 3008 si
447 2933 631 3009 manantia
664 2914 876 3030 eorpuaoule
915 2958 981 3030 por
1016 2934 1223 3009 invisibilia

171 3061 350 3137 foramina
376 3059 604 3133 subsistendo
627 3061 698 3132 iter
725 3057 917 3143 olaudant,
948 3059 1115 3133 morbum
1128 3058 1221 3133 fieri

173 3185 373 3260 contendit.

222 3292 347 3407 Atque
367 3328 410 3380 ex
428 3306 498 3380 hoo
516 3307 727 3380 mechanico
754 3319 944 3406 systemate
963 3307 1114 3407 quaeris
1133 3330 1223 3381 enm

174 3433 216 3507 in
234 3458 382 3529 corpore
401 3455 506 3514 eane,
530 3444 607 3513 tum
626 3432 665 3503 in
682 3456 830 3528 corpore
845 3457 951 3528 aegro
964 3433 1222 3528 phaenomena

173 3559 358 3655 explicuit.
804 3631 806 3636 ,

221 3669 307 3778 Ipse
333 3683 445 3778 magia
470 3662 523 3756 ad
556 3681 735 3776 agendum
771 3695 895 3786 natue,
912 3704 1037 3778 quam
1066 3679 1148 3753 aive
1173 3677 1223 3752 ad

175 3809 508 3902 eontempiondum‚
526 3808 601 3878 aive
612 3807 659 3878 ad
669 3809 948 3891 observandum,
969 3808 1226 3880 Ascuaaranae

175 3913 366 4009 mediocria
386 3944 466 4005 erat
486 3929 736 4027 philosophus,
760 3933 950 4028 imperitus
967 3930 1224 4028 physiologaa‚
