2566 5040
4 334 5 338 ‘
111 349 185 429 mm
458 357 827 433 Jo„anounq

114 533 302 629 paralysis,
334 535 432 643 nulia
462 534 606 628 praevia
631 532 865 636 incitationeffl,
890 530 1066 603 deleteria
1097 557 1162 627 gas.

115 657 211 743 acidi
234 655 416 727 carboniei
439 658 660 754 aliorumque
680 659 886 751 sanguinem
907 659 1081 752 oxygonio
1101 684 1153 728 or·

114 781 278 865 bantium
311 761 492 874 potestas,
528 806 621 878 quae
654 805 735 862 mox
776 780 887 852 vitam
904 860 908 865 Α
923 781 1152 877 deprimunt,

115 907 299 979 remeatis
324 884 506 977 evincunt.

134 1031 264 1115 QHaee
277 1029 390 1107 ¹dubia
409 1040 509 1110 sunt,
527 1029 655 1123 inquit
675 1029 730 1106 vir
751 1053 926 1110 summus,
949 1052 1043 1125 quae
1069 1054 1151 1100 oon·

114 1154 358 1226 ua-Beowsn
391 1151 564 1223 theoriam
591 1177 734 1224 movere
763 1153 834 1224 tuit
849 1148 1009 1223 animus.
1057 1153 1152 1224 Reli·

70 1288 73 1296 '
116 1301 189 1373 qus
218 1277 381 1372 practica
403 1279 518 1350 morit
546 1278 736 1350 Faernus
784 1275 922 1368 Quodsi
943 1299 1050 1346 ausus
1077 1302 1149 1348 sum

116 1402 391 1475 tensowmun
418 1401 548 1472 erroris
567 1425 733 1495 arguere,
758 1400 795 1471 id
822 1425 865 1478 eo
879 1424 911 1470 a
936 1423 995 1470 me
1019 1399 1149 1470 iaotum

118 1525 263 1600 confido
280 1525 403 1596 decori
421 1549 526 1596 sensu
549 1550 662 1620 eaque
687 1524 796 1595 animi
821 1525 939 1619 ipsum
965 1524 1087 1617 magni
1104 1523 1150 1594 ia·
1196 1503 1198 1507 ¹

116 1635 248 1732 oientis
268 1647 547 1741 significatione,
574 1673 681 1749 quam
702 1674 818 1745 aequa
845 1647 1037 1743 posteritas
1060 1671 1150 1742 meg·

114 1775 157 1848 ui
172 1772 307 1868 ingenii
335 1773 411 1845 viro
435 1772 592 1845 tribuere
613 1773 751 1847 debet·

131 2085 136 2095 '
162 2081 382 2175 substiterat
407 2079 593 2152 Baownms
621 2080 659 2149 in
689 2057 898 2172 exponenda
920 2050 1078 2173 eorporis
1102 2075 1152 2150 ri}

116 2191 236 2279 tentis
256 2215 294 2274 et
314 2201 461 2297 quidem
483 2205 620 2296 generis
638 2204 879 2274 musculorum
901 2213 939 2272 et
960 2225 1147 2273 nervorum

117 2318 139 2399 a
157 2328 308 2398 stimulis
327 2324 479 2398 admotis
500 2328 711 2397 incitatione
733 2339 843 2421 atque
861 2345 905 2396 ex
922 2325 1147 2397 incitabilita·

114 2453 187 2532 tis,
212 2474 317 2550 quam
336 2450 445 2531 dixit,
472 2450 557 2521 dote
580 2432 720 2521 omnem
749 2451 847 2546 vitae
877 2448 1148 2552 morborumque

117 2568 275 2646 traxerat
297 2571 480 2646 theoriam.
505 2566 585 2648 'Ne‘e
603 2569 722 2644 tamen
742 2567 804 2643 hio
821 2568 1060 2644 substiterunt
1075 2599 1148 2667 pos·
1210 2601 1214 2607 ·

115 2688 207 2782 teri,
243 2722 399 2793 quorum⁴
423 2702 484 2769 alii
508 2725 551 2770 ex
574 2697 737 2768 doctrina
762 2688 978 2780 (tetrantes,
1015 2697 1078 2767 alii
1108 2723 1147 2769 ex

114 2817 257 2918 o'hymia
286 2823 534 2917 pneumatica,
559 2819 621 2891 alii
649 2840 692 2891 ex
714 2832 877 2926 anatome
904 2815 1064 2914 generali
1090 2845 1149 2920 po·

112 2949 210 3018 's'iter
238 2948 366 3017 orestis
401 2948 454 3017 rei
483 2945 674 3040 petendam
711 2968 787 3016 esse
820 2946 1149 3039 interpretationem

85 3071 87 3074 ’
110 3047 379 3165 judicaverunt.
428 3072 482 3141 De
501 3063 654 3165 quorum
673 3066 862 3139 conatibus
874 3069 950 3162 jam
971 3070 1150 3164 sequitur,

114 3206 158 3266 ut
191 3194 317 3264 ordine
349 3194 509 3264 dieamus
536 3207 573 3266 et
603 3197 718 3290 primo
751 3193 898 3290 quidem
922 3192 970 3265 de
995 3193 1150 3268 inventis

112 3317 263 3392 Aaornt
285 3315 462 3392 Gaurana
668 3324 671 3328 ’
840 3300 843 3305 ’

398 3527 874 3624 eonsecrsnru

96 3799 99 3805 ·
195 3760 226 3832 Ι.
260 3712 385 3832 Posito
402 3757 665 3870 incitabilitatis
676 3759 851 3852 principio
868 3758 1057 3830 Bnownws
1074 3755 1161 3830 inne

141 3905 147 3915 ’
258 3882 360 3954 davit
382 3884 859 3995 medioiuoptolyuomioam

173 4007 226 4082 11.
259 3998 590 4104 Faotaadplautas
605 4007 716 4113 hujus
732 4008 900 4106 principii
914 4006 1151 4104 adplicatioas
