2550 5040
188 416 241 472 DE
260 410 468 503 Andronius
487 414 609 474 INTER
632 414 815 475 VETERES
834 411 1092 473 CULTORIBUS.
1128 412 1173 483 49,

130 614 303 668 amarum,
330 588 464 669 viride,
489 588 642 672 flavum,
668 589 829 671 irritans,
854 601 1030 684 stagnans.

179 715 277 784 Inter
301 713 382 806 ejus
404 713 597 806 discipulos
625 714 855 783 nominantur
878 725 956 784 tum
981 717 1165 786 Honorat-

135 860 207 919 um,
240 861 396 917 summus
422 837 648 930 antiquitatis
679 838 919 919 anatomicus,
947 849 1022 909 tum
1049 841 1165 909 (luur-

142 983 241 1034 srrrrs
261 961 430 1041 Cnidius,
454 960 519 1056 qui
541 959 666 1029 mitem
694 961 948 1060 AEgyptiorum
964 974 1002 1032 et
1021 963 1165 1033 Prrua-

147 1106 243 1156 contu
262 1095 408 1155 secutus
433 1083 649 1154 medicinam
672 1094 710 1153 et
732 1107 859 1154 venam
881 1107 1002 1156 secare
1020 1097 1059 1156 et
1076 1109 1165 1180 pur-

82 1260 84 1271 .
152 1210 247 1302 gantis
266 1209 352 1278 dare
376 1208 511 1289 vetuit,
536 1208 691 1299 primum
715 1231 762 1278 ue
781 1208 953 1301 sauguine
977 1210 1162 1293 detracto,

153 1356 236 1425 quern
253 1330 448 1435 animatum
467 1331 655 1416 credebat,
681 1332 818 1402 animus
842 1333 931 1427 quid
953 1334 1163 1404 detrimenti

149 1434 288 1548 Imperet,
309 1457 481 1541 alterum,
506 1456 593 1549 quia
611 1456 821 1550 clysteribus
837 1457 921 1528 satis
937 1440 1065 1551 profici
1084 1481 1164 1549 pos-

149 1599 178 1655 se
200 1579 424 1651 existimabat.
472 1559 595 1650 Venae
624 1578 819 1648 sectionem
840 1588 1025 1673 tantopere
1049 1582 1164 1652 reior-

145 1701 307 1787 midabat,
340 1713 384 1774 ut
417 1727 481 1798 per
516 1702 686 1795 ligaturas
726 1700 875 1771 artubus
913 1704 1162 1800 circumjectas

139 1826 262 1899 tritara
289 1852 391 1924 posse
414 1827 599 1920 judicaret
620 1825 800 1928 sanguinis
816 1826 1007 1920 jacturam.
1028 1826 1034 1838 '

403 2071 872 2145 Quansrrouns

146 2297 204 2370 I·
224 2306 393 2378 Tradetur
416 2316 580 2375 veterum
601 2303 882 2398 dogmaticorum
909 2301 956 2370 ab
979 2299 1160 2398 Asclepia-
1255 2364 1259 2372 .

221 2430 270 2500 dis
291 2429 495 2502 discrimen.
555 2413 565 2444 ⁵

124 2537 456 2648 ,11·Exp0nantur
495 2553 635 2623 illorum
664 2551 848 2623 doctrinae
886 2550 1007 2644 origo,
1042 2551 1158 2621 inore·

220 2690 357 2757 menta,
383 2677 468 2747 fata.
673 2675 677 2685 ’

112 2783 196 2862 111.
216 2798 431 2872 instituatur
450 2800 666 2894 comparatio
679 2799 773 2887 inter
791 2795 1064 2891 Hippocraticos
1079 2798 1160 2893 qui·

214 2904 285 3021 que
314 2923 381 2994 hos
404 2925 521 2995 secuti
545 2935 628 2995 suut
656 2922 883 3025 Dogmsticos
908 2920 1071 2991 1110ch
1094 2920 1158 2993 Ca·

120 3120 124 3129 ,
210 3049 362 3148 rystium
385 3061 423 3120 et
446 3050 696 3120 amasonia
716 3047 840 3119 Coum.

120 3157 183 3251 Π·
211 3175 301 3248 Cum
318 3174 416 3269 prior
435 3175 674 3245 Hrrrocuarls
697 3173 893 3266 interpres,
919 3168 1014 3271 alter!
1029 3165 1157 3238 Ascle·

209 3300 398 3395 pindarum
431 3298 579 3371 ultimus
612 3298 773 3378 dicatur,
797 3293 1002 3389 quaeritur,
1028 3302 1159 3386 quate·

210 3446 279 3494 nus
297 3434 451 3518 uterque
476 3423 671 3492 excoluerit
695 3422 934 3492 amoenans
952 3394 1071 3509 magni
1092 3416 1155 3486 do·

215 3548 373 3617 cuinam.

133 3730 147 3750 ,.
160 3657 196 3734 V·
220 3670 420 3764 Explicatur
438 3670 611 3767 denique,
637 3694 729 3766 quac
756 3671 977 3740 incrementa
996 3663 1152 3756 ceperit,

221 3791 273 3867 his
293 3794 518 3878 auctoribus,
533 3794 711 3895 „medendi
728 3794 889 3866 scientia.
