2566 5040
480 347 807 411 saersrrn
890 324 893 337 '
1146 344 1222 408 r·

129 583 132 586 ,
172 519 352 603 Medioina
370 540 455 592 vero
472 525 568 618 apud
590 551 651 598 eos
669 525 766 597 hune
785 526 824 596 in
845 521 988 596 modum
1011 537 1065 596 est
1090 525 1165 598 dis·

123 645 278 726 tributa‚
303 657 347 716 ut
363 645 586 739 singulorum
601 651 802 720 morborum
824 651 896 720 sint
916 650 1062 732 medici,
1087 673 1160 721 non

123 772 302 864 plurium:
328 768 452 864 itaque
470 772 593 842 omnia
615 773 748 844 referta
771 784 859 843 sunt
880 774 1042 844 medicis.
1087 773 1165 846 Alii
1189 801 1192 807 ·

124 895 223 966 enirn
242 905 326 965 sunt
341 895 541 976 oculorum,
564 896 626 965 alii
646 896 789 990 eapitis,
815 897 877 967 alii
895 898 1074 981 dentium,
1092 899 1177 969 alvi.

123 1021 203 1103 alii,
230 1019 293 1090 alii
317 1018 522 1090 morborum
544 1020 776 1092 neutrorum?
1157 1115 1161 1128 ἱ

173 1143 235 1217 Ad
263 1144 402 1214 cultum
433 1144 633 1216 medicinae
655 1147 694 1245 in
724 1144 865 1238 templis
892 1144 1048 1217 Deorum
1072 1148 1168 1220 haee

122 1277 312 1366 spectant
329 1268 484 1339 Dronoar
526 1271 645 1340 Srcutr
685 1268 810 1349 verba,
844 1267 905 1338 lib.
933 1269 966 1341 1.
994 1295 1070 1368 oap.
1096 1275 1165 1348 252

122 1418 146 1465 a
160 1394 238 1463 isin
254 1392 369 1462 multa
385 1381 529 1464 sanitati
545 1393 730 1464 bominum
757 1393 948 1486 pharmaca
968 1395 1165 1478 invenisse,

123 1516 285 1612 AEgyptii
318 1514 485 1598 tradunt,
519 1528 646 1610 utpote
678 1536 772 1620 quae
805 1517 977 1591 scientiae
1008 1522 1168 1593 medicae
1268 1601 1271 1610 Δ

125 1641 246 1714 iuerat
273 1638 490 1734 peritissima
524 1639 686 1736 adeoque
709 1643 829 1712 'multa
854 1642 1002 1713 solerter
1020 1638 1169 1736 'excogi-

124 1777 231 1841 tasse.
281 1763 400 1856 Quam
422 1763 469 1834 ob
489 1788 631 1836 eausam
645 1788 741 1836 nune
757 1790 902 1862 quoque
923 1768 969 1838 ad
991 1768 1171 1843 immorta-

124 1891 268 1961 litatem
290 1888 385 1958 elata
412 1890 597 1981 sanatione
624 1890 818 1963 bominum¹
833 1894 984 1961 maxime
1016 1893 1171 1984 gaudeat
1246 1916 1250 1926 ·

125 2016 225 2086 etin
246 2013 395 2094 somnis,
418 2013 540 2111 siquis
566 2037 671 2108 opem
702 2015 909 2107 expetierit,
945 2015 1172 2088 manifestam

69 2217 72 2221 ,
125 2137 287 2209 numinis
329 2138 568 2230 praesentiam
616 2150 885 2233 promptamque
926 2140 1172 2232 indigentibus

125 2262 220 2332 bene
250 2262 412 2330 merendi
454 2259 665 2332 facultatem
695 2263 874 2335 exhibeat
933 2261 994 2334 Ad
1023 2265 1172 2336 demon·

125 2386 315 2457 strandum
347 2386 438 2455 haee
471 2383 600 2456 afferre
637 2410 675 2457 se
697 2388 811 2481 ‘ajunt
842 2411 916 2458 non
951 2386 1172 2474 Graecorum

119 2534 227 2582 more
254 2509 456 2581 tabularum
483 2510 696 2591 vanitatem,
731 2511 796 2581 sed
821 2511 999 2584 factorum
1024 2514 1172 2585 eviden-

124 2636 226 2708 tiam.
279 2635 367 2705 Nam
389 2633 501 2704 totius
524 2657 631 2728 prope
657 2636 754 2706 orbis
785 2638 999 2708 testimoniis
1023 2663 1060 2708 se
1080 2640 1167 2720 niti,

124 2759 193 2855 qui
220 2759 345 2830 effusis
371 2758 485 2830 Deam
513 2757 709 2830 honoribus
734 2760 783 2829 ob
803 2784 976 2852 praesens
991 2761 1030 2831 in
1055 2764 1172 2845 medi·

124 2883 244 2954 cando
268 2905 404 2954 numen
431 2893 714 2954 remunerentur.
765 2883 811 2952 In
838 2882 969 2953 somnis
997 2883 1092 2954 enirn
1117 2911 1170 2958 as·

124 2985 314 3079 sistentem
338 3007 491 3099 aegrotis
509 3002 668 3077 remedia
689 3018 813 3076 eontra
831 3006 973 3078 morbus
989 3009 1170 3104 subjicere

127 3131 237 3227 eique
288 3129 542 3222 morigerantes
591 3120 659 3199 nee
711 3131 855 3222 opinato
908 3134 1170 3208 convalescere.

127 3255 262 3327 Multos
280 3251 390 3324 etiam
412 3275 434 3323 a
453 3252 602 3323 medicis
623 3266 769 3348 propter
788 3255 903 3358 morbi
919 3257 1170 3331 difficultatem

124 3378 335 3472 desperatos
372 3376 418 3446 ab
447 3377 516 3448 han
543 3376 694 3448 salutem
728 3379 900 3474 accipere·
926 3382 1169 3479 plurimosque

127 3503 244 3574 oeulis
260 3522 406 3596 prorsus
424 3513 548 3596 captos
572 3513 638 3573 aut
654 3502 724 3570 alia
751 3503 907 3597 eorporis
930 3517 1034 3598 parte
1060 3509 1170 3579 muti·

125 3628 237 3708 latos,
261 3627 293 3696 si
312 3627 359 3697 ad
378 3627 477 3715 Deae
497 3627 606 3720 hujus
626 3650 731 3721 opem
754 3627 998 3722 confugerint,
1024 3632 1063 3702 in
1078 3632 1170 3728 pris·

126 3738 197 3824 tini
219 3751 353 3846 vigoris
372 3750 616 3843 integritatem
634 3751 810 3838 restitui.”

64 3964 69 3974 Ι
175 3877 255 3946 Hoc
288 3877 369 3948 loeo
405 3876 500 3946 effici
524 3876 687 3946 videturz
720 3876 900 3970 duplicem
934 3878 1044 3950 fuisse
1072 3883 1169 3975 apud

90 4019 91 4022 ’
123 3999 315 4096 AEgyptios
344 3999 559 4071 medicinam
582 3998 745 4086 faciendi
765 4003 961 4085 rationem,
994 4004 1100 4076 aliam
1129 4008 1170 4100 in
