2550 5040
140 394 182 461 70
374 396 515 457 nantel
540 397 952 457 ENCYCLOPAEDISTAE.

143 583 182 646 et
207 563 340 642 vidisse
367 571 631 654 existimamus,
655 583 698 642 m
725 573 771 642 de
798 571 922 643 multis
955 571 1071 665 perite
1102 570 1193 644 sori-

145 696 233 768 bere
254 706 383 790 posset.
1070 755 1073 761 Α

194 841 218 889 n
235 819 287 888 Ex
305 817 479 888 divitibus
500 816 721 890 Graecorum
742 819 965 891 medicorum
983 816 1105 888 tundis
1124 815 1195 888 La-

146 942 246 1015 tinus
282 939 343 1038 hio
377 943 529 1035 scriptor
563 942 670 1030 (sunt
704 943 814 1014 verba
850 944 920 1015 viri
954 941 1195 1013 eruditissimi

148 1066 279 1158 naso)
305 1063 373 1153 sibi
397 1065 562 1134 assumsit
585 1077 623 1135 et
649 1068 687 1138 in
714 1068 902 1160 parvulum
924 1067 1196 1159 redegit'oom·

144 1188 342 1288 pendium,
374 1187 615 1282 praestantius
648 1190 813 1259 'omnium
839 1190 1041 1260 medicinae
1079 1199 1198 1284 syste-

147 1320 304 1395 matum,
328 1335 422 1408 quae
440 1335 599 1406 unquam
620 1311 658 1382 in
684 1313 802 1383 lucem
831 1313 1086 1406 prodierint'*
1115 1315 1198 1385 Soi-

147 1440 235 1511 licet
255 1437 293 1508 in
316 1434 388 1507 hoo
408 1435 486 1509 viro
506 1436 689 1530 adparuit,
714 1447 889 1530 quantum
919 1438 1038 1508 valeat
1061 1439 1198 1509 libera.
1265 1432 1267 1436 ”

149 1563 195 1635 lis
213 1558 394 1632 institutio
417 1571 454 1631 et
479 1561 620 1654 elegans
637 1583 756 1631 rerum
777 1562 992 1652 optimarum
1023 1562 1197 1634 doctrina

149 1687 188 1758 in
213 1696 336 1757 nostra
361 1708 526 1781 quoque,
550 1708 657 1780 quam
677 1683 905 1777 profitemur,
930 1696 1019 1756 arte.

134 1849 136 1864 ·
199 1811 346 1890 Errant,
372 1809 615 1903 quipntent,
642 1807 780 1880 Cursori
808 1806 917 1877 tuisse
939 1819 1077 1879 tautum
1106 1810 1201 1883 un>-

150 1953 318 2026 Pocnans
342 1932 587 2028 interpretem.
632 1932 723 2005 Nam
744 1941 788 2000 ut
812 1930 909 2000 huno
931 1930 971 2001 in
989 1907 1200 2027 prognosti-

152 2061 204 2131 ois
225 2067 370 2130 seoutus
396 2067 452 2127 est
475 2039 715 2147 (nontamen
742 2055 941 2152 doctrinam
965 2056 1011 2127 de
1040 2058 1200 2129 orisibus

40 2254 43 2258 .
154 2180 368 2273 admittens)
394 2180 446 2250 sio
461 2183 510 2250 'in
538 2179 705 2274 practicis
735 2177 1009 2263 Ascssrmnsu,
1044 2181 1083 2250 in
1115 2181 1201 2252 ehi.

151 2304 304 2397 turgiois
328 2301 606 2385 Alexandrinos,
631 2327 674 2374 eo
698 2303 891 2396 praecipue
918 2305 1034 2376 laudis
1060 2329 1200 2398 genere

86 2453 88 2459 ·
152 2427 350 2507 excellens,
371 2426 469 2521 quod
489 2428 588 2522 operi
601 2427 813 2501 intertexuit
827 2427 912 2497 artis
927 2427 1115 2499 historiam
1137 2430 1202 2507 lit-

152 2549 345 2622 terariam:
380 2571 453 2644 quo
481 2552 587 2624 simul
614 2565 652 2623 et
677 2551 764 2624 artis
781 2551 920 2625 ,haberi
951 2562 989 2622 et
1016 2550 1199 2626 historiae

151 2671 316 2746 medicae
339 2675 589 2767 compendium
609 2677 730 2768 possit.

189 2796 308 2883 ·CsJos
331 2799 475 2871 Patmos
496 2799 671 2871 sicessos
692 2801 815 2869 Maron
834 2801 1015 2872 Comensis
1036 2799 1105 2872 sub
1124 2803 1202 2895 lm:

110 3001 112 3007 ¹
154 2932 322 3018 peratore
342 2923 576 3014 Vespasiano,
600 2922 637 2991 id
659 2925 714 3007 est
737 2933 882 2995 eentum
901 2921 975 2994 t'ere
992 2926 1094 2994 annis
1115 2939 1204 3018 post

155 3029 311 3126 erasm,
337 3055 380 3115 ut
404 3044 465 3115 hio
492 3044 805 3140 enoyolopeediam
826 3046 988 3140 scripsit,
1014 3048 1123 3140 eujus
1138 3047 1206 3119 ¹su·

64 3152 70 3166 ‘
155 3179 311 3266 pessunt
335 3168 381 3240 de
408 3166 510 3240 Has.
542 3167 634 3240 Not.
667 3169 751 3240 libri
768 3168 825 3244 37.
860 3170 958 3264 quod
989 3173 1116 3245 Pramo
1135 3173 1207 3266 ju-

157 3293 255 3366 niori
268 3315 359 3390 opus
381 3305 529 3366 vocatur
545 3293 750 3375 diffusum,
763 3277 964 3376 eruditum,
988 3319 1057 3365 neo
1076 3296 1204 3368 minus

157 3417 314 3501 varium,
340 3441 446 3514 quarn
471 3417 547 3510 ipsa
568 3420 728 3488 natura.”
778 3418 873 3511 Quia
901 3432 1021 3491 tamen
1044 3420 1206 3495 nimium

159 3543 366 3637 complexus
385 3552 459 3622 est,
481 3556 555 3615 non
578 3543 697 3612 omnia
718 3543 795 3636 pari
816 3547 986 3617 tractarit
1009 3545 1207 3637 diligentie

158 3667 272 3762 inque
296 3666 419 3737 multis
441 3665 584 3760 propria
602 3665 805 3742 observatio
824 3667 1059 3742 desideratur.
1109 3667 1206 3739 Corn

160 3789 388 3866 Amsrorau
417 3802 659 3885 eomparatur,
692 3790 779 3865 haio
809 3803 930 3864 tamen
960 3792 1008 3865 in'
1037 3790 1208 3885 aoologia

159 3911 320 3990 interior.

210 4035 259 4117 Iu
285 4058 327 4113 re
353 4038 493 4117 medios
523 4037 676 4149 multum
705 4025 835 4121 tribuit
855 4040 1009 4145 propriis
1041 4062 1211 4140 quarun-
