2566 5040
30 390 31 395 '
128 412 184 472 ira
313 406 548 494 maneamus
567 411 620 468 ou
637 412 688 468 oc
707 411 783 470 aon
801 411 979 474 suerrus.

124 587 357 685 chymiatrlae
385 582 511 656 auctor
538 586 740 656 celebratus
772 599 838 657 est.
887 589 977 658 llam
1006 589 1162 661 Srtvtmt

68 767 70 772 -
123 719 263 809 legens,
289 709 452 780 crederes
469 720 585 779 totum
604 709 881 781 homuncionem
899 711 952 781 nil
969 735 1048 788 esse
1067 739 1163 807 prae·

126 846 183 912 tei
196 826 416 909 fermentum·
424 829 635 926 omnemque
654 835 765 904 vitam
783 846 940 905 nostram
954 849 1164 932 perpetuam

124 963 357 1040 alcalinorum
387 981 467 1027 cum
493 957 606 1026 acidia
631 980 807 1050 pugnam,
833 960 893 1029 cui
920 985 994 1031 non
1025 973 1166 1032 tantum

124 1070 223 1184 qdod
250 1084 438 1179 spiramus,
469 1104 677 1150 moveamur
703 1094 742 1152 et
759 1085 869 1158 simus
884 1070 1059 1156 debemus
1086 1087 1166 1167 uni,

125 1214 189 1286 a'ed
208 1210 305 1307 quod
330 1197 525 1277 sentiamus
535 1244 549 1282 ,«
567 1205 824 1298 percipiamus,
850 1209 1059 1301 cogitemus.

175 1331 402 1428 Physiologia
415 1328 579 1424 Sylviana
592 1328 731 1398 orditur
743 1353 763 1398 a
774 1329 1049 1422 chylilioatione,
1059 1357 1167 1427 quam

127 1453 397 1534 fermentationi
426 1452 636 1546 aequiparat
664 1463 773 1548 atque
792 1452 859 1522 bili
886 1467 924 1524 et
950 1480 1059 1527 succo
1085 1481 1168 1552 pau-

128 1582 284 1656 creatico
305 1577 428 1663 deberi
450 1574 746 1646 leunentantibus
764 1578 958 1647 contendit
1005 1580 1051 1649 In
1074 1582 1167 1651 liene

126 1703 459 1800 sanguificationem
479 1698 670 1780 absolvis
659 1724 699 1769 ru
726 1702 871 1772 cerebro
897 1703 1074 1784 destillari
1101 1705 1168 1798 spi·

124 1833 217 1913 ritus
227 1827 430 1904 animales,
455 1802 609 1918 quorum
635 1847 703 1917 ope
714 1822 851 1921 perlici
875 1825 1168 1910 circulationem,

128 1958 205 2028 sivo
235 1954 356 2049 potius
384 1949 500 2018 cordis
520 1947 676 2044 systolen
703 1949 869 2043 opinatus
892 1961 956 2019 est.
1006 1951 1170 2046 llespira·

125 2081 245 2154 tionis
267 2073 444 2147 beneficio
471 2072 662 2166 temperari
692 2071 809 2165 ignem
841 2059 987 2143 vitalem
1021 2098 1065 2144 ac
1098 2075 1170 2175 sale
1208 2089 1211 2093 ’

83 2201 85 2206 ’
127 2188 284 2301 quodam
302 2223 352 2270 ex
368 2205 451 2269 abre
479 2196 761 2290 atmosphaerioo
786 2197 988 2268 accedente
1009 2171 1170 2287 conden-

128 2328 200 2402 sari
221 2350 304 2442 san
285 2316 437 2394 ruinem.
486 2320 648 2392 Aooeudi
673 2319 841 2391 nimirum
868 2320 986 2427 iguem
1018 2323 1171 2400 vitalem

78 2446 90 2545 ‡
125 2431 389 2544 exsanguium
411 2447 451 2515 in
480 2445 585 2514 borda
621 2443 910 2526 effervescentia,
948 2447 1011 2519 cui
1035 2445 1172 2551 terrori

126 2554 430 2688 contemperando
466 2569 733 2663 inspirationem
763 2571 856 2639 aeris
884 2568 1040 2640 dicatam
1081 2592 1173 2644 ease.

126 2699 282 2795 suppari
313 2710 458 2765 caussae
489 2705 526 2762 et
552 2693 669 2764 lebrea
701 2703 738 2763 et
760 2691 901 2763 morbos
926 2671 1087 2786 reliquos
1109 2693 1174 2773 ad-

122 2813 336 2895 scribendos
353 2841 430 2894 esse
446 2811 575 2887 statuit
592 2827 700 2910 atque
718 2839 760 2884 ex
777 2814 891 2885 morbi
908 2815 994 2887 ficta
1010 2815 1173 2898 theoria,

115 2946 252 3018 'fictam
274 2943 379 3014 traxit
403 2940 622 3010 curationem
646 2937 775 3030 partim
794 2935 1009 3031 chymieam,
1036 2939 1173 3032 partim

121 3066 453 3166 symptomatum,
487 3075 530 3134 ut
568 3062 749 3155 chymicae
789 3061 1015 3155 pathologiae
1043 3062 1175 3154 praxis

123 3193 363 3288 'responderet
381 3187 681 3283 chymioarquae
696 3204 803 3279 quam
822 3184 1021 3276 perniciosa
1039 3184 1173 3272 luerit,

46 3343 49 3350 ’
122 3322 176 3391 ἐι
194 3319 434 3387 Bononiam
455 3311 603 3391 discite,
628 3311 752 3380 Srcvu
773 3331 988 3381 successore.

176 3443 443 3514 laboraverant
461 3446 613 3507 ’vetares
640 3435 679 3503 in
700 3431 914 3528 quaerendis
942 3454 1065 3517 rerum
1095 3433 1175 3507 ele·

120 3560 282 3646 inentis,
316 3563 380 3662 qui
412 3583 493 3631 eum
526 3559 851 3657 lictaposueraut,
875 3556 1003 3650 :qualia
1037 3555 1174 3631 borum

121 3698 329 3782 'temporum
340 3686 486 3780 physica
502 3686 646 3778 poetica
661 3682 921 3776 suppeditarat,
937 3681 1174 3757 Putemus

125 3791 341 3884 'relormator
368 3820 449 3906 post
474 3821 595 3878 natam
621 3832 712 3879 aero
730 3805 849 3876 medio
875 3804 1074 3900 ahymiam,
1108 3821 1176 3886 aut

121 3918 362 4041 ‘alobymiam'‘
379 3934 518 4031 potius,
557 3932 714 4029 physicis
749 3929 938 4004 substituit
978 3928 1175 4026 thymion,
