2566 5040
115 365 175 427 aaa
258 368 740 441 .2..;1suo..aa1tvsr;·usac.·
751 371 963 442 nonnam,

115 542 300 637 synthcs'm
331 545 547 626 consttu'xit,
580 544 630 615 all
648 564 789 616 caussas
816 514 1156 639 adscendit,·argu-

115 667 246 737 montis
276 668 414 759 singula
435 669 588 761 probans
610 680 648 740 ct
675 669 903 763 exprobetis
930 675 1155 757 consectaria

114 804 293 884 repetens.

118 958 125 966 -
157 915 386 1016 :Maestorum
397 915 450 985 vir
462 916 578 1007 magni
586 916 724 1011 ingenii
737 915 974 1010 ejusdemque
983 916 1156 1010 simplicis
1199 918 1201 923 ’

115 1039 265 1132 verique
285 1038 519 1109 amantissimi
532 1039 630 1109 'illud
652 1039 783 1117 Portus,
798 1041 837 1110 in
856 1063 918 1110 ore
942 1041 1079 1111 habere
1102 1067 1156 1124 so·

7 1218 13 1228 a
115 1162 230 1241 labat:
256 1173 406 1233 naturae
418 1185 536 1234 rerum
555 1164 730 1258 vitatque
747 1166 912 1258 majestas
929 1164 968 1233 in
989 1157 1156 1236 omnibus

115 1286 308 1361 momentis
329 1284 401 1381 lide
424 1298 541 1367 caret,
566 1288 676 1380 siquis
697 1288 803 1359 modo
818 1298 942 1381 partes
961 1287 1044 1380 ejus
1052 1296 1073 1373 ‚'
1087 1312 1154 1358 nec

116 1412 248 1480 totam·-
261 1411 518 1503 complectatur
543 1408 670 1481 animo.
720 1411 854 1504 Nempe
882 1433 1000 1481 rerum
1023 1424 1153 1482 natura

116 1533 278 1604 tenebris
293 1535 464 1605 obvoluta
482 1549 562 1604 ourn
582 1535 657 1603 solo
681 1534 896 1628 analogismo
913 1544 1054 1626 pateat,
1082 1546 1156 1604 tota

52 1692 56 1704 ·
111 1657 360 1751 'persumenda
391 1659 509 1745 venit,
534 1671 577 1729 ut
605 1657 847 1728 mediantibus
879 1657 1155 1751 simplicioribus

116 1781 311 1862 machinis,
345 1782 383 1852 in
416 1806 557 1854 sensum
590 1781 731 1852 facilius
765 1783 1057 1890 occurrentibus,
1092 1785 1156 1853 im·

115 1908 323 2002 plicatiores
354 1918 565 1977 retexamus.
614 1907 731 1998 Igitur
755 1929 777 1974 a
807 1906 1060 2003 vegetantibus
1087 1904 1155 1975 ini·

73 2106 78 2115 ,
117 2035 211 2102 tium
248 2030 354 2124 fecit,
391 2055 460 2100 ceu
499 2031 700 2102 viventium
740 2029 1006 2121 simplicissimis
1049 2041 1154 2125 atque

114 2156 292 2227 :historice
312 2155 410 2225 bunc
440 2155 639 2226 visentium
673 2152 878 2223 inferiorem
907 2154 1070 2243 ordinem
1101 2178 1156 2246 ag·

119 2302 261 2374 gressus
279 2290 352 2356 est,
376 2290 420 2347 ut
442 2300 563 2370 gressu
582 2289 760 2349 retroacto
785 2279 985 2370 vegetantis
1008 2281 1154 2349 naturae

115 2395 235 2494 grado
259 2403 441 2496 adprime
468 2402 584 2473 stadia
609 2404 679 2474 iter
705 2402 774 2473 sibi
792 2405 957 2497 aperiret
1006 2402 1156 2472 Dolebat

114 2527 309 2608 nimirum,
333 2551 370 2597 se
393 2529 493 2620 prius
515 2528 560 2596 ab
589 2540 752 2599 anatome
780 2525 1038 2621 perfectiorum
1065 2529 1155 2597 inco·

115 2653 236 2744 pisse,
267 2675 336 2721 nec
375 2651 516 2721 inversa
556 2653 694 2722 ratione
734 2653 772 2721 in
804 2651 932 2720 borum
970 2663 1154 2734 anatomeo

12 2763 14 2769 ¹
112 2775 280 2846 alesiisse.
331 2777 557 2870 Quapropter
584 2776 750 2848 lustravit
785 2775 938 2870 plantas,
980 2785 1156 2870 tamquam

114 2902 272 2973 ¹unicum
299 2900 426 2972 vivens
462 2899 603 2994 hocque
634 2901 841 2994 organicum
872 2878 1000 2994 corpirs
1033 2899 1157 2968 exarui·

115 3028 283 3098 nandum
296 3026 364 3096 sibl
378 3027 520 3106 sumsit,
541 3048 613 3118 quo
628 3024 725 3095 illius
741 3025 858 3096 ideam
867 3021 1156 3118 consequeretur.

116 3151 239 3222 Simul
267 3175 352 3222 vero
384 3162 559 3244 perpetua
591 3173 676 3218 usus
700 3161 760 3233 ‚est
790 3147 1045 3240 vegetabilium
1082 3169 1158 3216 curo

123 3274 336 3346 animalibus
373 3276 662 3368 comparatione:
702 3274 838 3366 lignum
878 3294 961 3340 eum
1001 3271 1159 3349 ossibus,

125 3423 280 3492 gemmas
311 3422 392 3470 cum
417 3399 511 3478 ovis,
538 3397 699 3467 traebees
722 3420 804 3466 cum
829 3393 1061 3489 pulmonibus
1082 3419 1160 3465 coo·

125 3524 245 3594 ferens
276 3503 399 3620 sicque
430 3500 583 3594 alterum
615 3521 793 3616 explicans
821 3520 957 3600 altero,
990 3532 1162 3601 naturae,

120 3649 257 3734 iterato
278 3675 321 3719 ac
349 3650 505 3745 repetito
522 3649 662 3728 labore,
690 3645 837 3716 lormam
862 3645 1048 3736 expressit.
1100 3645 1164 3715 Ea·

125 3775 208 3844 dam
230 3773 402 3848 videlicet
423 3788 573 3845 naturae
593 3770 763 3867 operandi
786 3772 909 3839 norma
928 3779 982 3837 cst
998 3769 1041 3837 in
1061 3769 1168 3838 maxi·

125 3901 194 3968 mis
220 3911 257 3969 et
276 3901 455 3972 minimis:
482 3901 630 3970 miscere
650 3922 691 3968 ac
715 3917 898 3989 separare,
927 3915 1101 3984 generare
1134 3903 1170 3960 et

129 4023 247 4114 perire
268 4025 437 4096 minimae
457 4023 726 4121 organisationis
747 4021 907 4092 effectus.
957 4018 1037 4089 Hoc
1063 4016 1171 4086 modo
