2566 5040
549 572 720 606 autemut-

515 773 765 834 GRAECI.

105 1017 111 1029 ’
166 1017 329 1090 Alteram
355 1015 474 1088 cultus
495 1011 683 1110 periodum
701 1009 855 1086 Graecia
871 1011 975 1084 nobis
993 1021 1156 1108 spectan-

117 1138 207 1216 dam
233 1141 403 1238 praebet,
429 1135 571 1210 Orienti
592 1136 745 1208 finitima
765 1135 875 1229 regio.
923 1135 1053 1210 Graeci
1078 1147 1157 1207 tan·
1193 1140 1196 1144 ’

117 1290 231 1364 quam
267 1287 352 1357 gens
388 1263 552 1356 Europae
590 1259 782 1332 Orientalis
817 1259 938 1331 multis
974 1260 1014 1330 in
1047 1259 1156 1330 rebus

118 1389 359 1464 Orientalium
379 1384 480 1457 luere
498 1383 710 1479 persimiles:
736 1407 806 1455 nec
827 1386 1006 1456 Hounnmt
1023 1394 1062 1455 et
1083 1384 1155 1455 ll:-

116 1533 285 1586 nonormr
309 1508 509 1603 legentibus
527 1507 683 1579 deerunt
699 1507 810 1602 hujus
825 1506 1071 1581 similitudinis
1086 1518 1156 1579 tes-

117 1637 280 1710 timonia.
330 1633 518 1705 Abarara
541 1643 660 1702 tamen
677 1644 778 1726 parte
805 1633 1038 1715 multarunt,
1062 1655 1158 1728 quac

118 1763 242 1834 cultus
275 1757 373 1854 apud
403 1756 608 1850 Europaeos
633 1765 672 1828 et
699 1754 854 1830 Graecos
879 1754 971 1828 adeo
995 1779 1157 1853 progres-

112 1886 261 1956 sionem
282 1879 496 1976 ostendunt:
521 1902 629 1975 quam
649 1880 915 1974 Europaeorum
941 1903 1027 1976 prae
1048 1877 1157 1952 Asia·

117 2008 204 2080 ticis
226 2004 482 2101 praestantiam
505 1984 587 2098 ipse·
603 2002 680 2096 jam
704 2002 882 2075 indicavit
904 2014 1013 2099 atque
1037 2004 1157 2099 expla-

118 2155 208 2204 nare
236 2140 387 2201 conatus
414 2138 471 2199 est
493 2129 754 2209 unrocmrrs,
780 2127 818 2198 in
844 2151 953 2199 aureo
982 2127 1065 2210 illo,
1090 2128 1169 2224 qni*

119 2257 168 2329 de
199 2277 308 2348 aere,
327 2239 430 2347 aquis
448 2262 486 2323 et
504 2251 593 2322 locis
614 2251 845 2334 inscribitur,
869 2252 971 2324 libro.
1020 2253 1157 2325 Diseri·
1216 2336 1233 2351 ,χ

116 2403 205 2467 men
232 2378 440 2483 quicunque
464 2375 641 2469 explicare
665 2375 807 2470 cupiat,
831 2379 966 2471 cogitet
991 2377 1158 2472 Europae

119 2529 196 2576 non
218 2512 361 2572 tantum
389 2498 493 2568 clima
511 2500 668 2584 varium,
698 2490 824 2572 verum
848 2498 895 2570 ad
919 2480 1158 2573 mercaturam

116 2641 159 2702 et
178 2625 433 2720 agriculturam
464 2623 719 2716 aptitudinem,
742 2625 1010 2716 Europaeornm
1035 2648 1159 2696 mono·

117 2750 275 2847 gamiam
305 2769 348 2817 ac
373 2746 580 2840 praesertim
604 2757 770 2818 naturam
790 2747 1019 2842 indolemque
1042 2749 1158 2820 excel·
1201 2752 1204 2757 ’

116 2877 269 2956 siorem‚
293 2893 402 2966 quam
420 2869 541 2965 prodit
560 2869 687 2964 capitis
704 2871 832 2953 iorma,
857 2873 954 2942 color
971 2870 1010 2942 in
1030 2871 1155 2957 vultu,

117 3009 290 3070 externus
318 2994 475 3088 eorporis
500 2993 664 3065 habitus:
695 2996 830 3090 quibus
860 2996 994 3068 caussis
1020 2981 1157 3070 lactum

116 3134 198 3205 est,
222 3131 268 3192 nt
290 3118 388 3213 ipsae
409 3131 502 3190 artes
525 3142 568 3189 ac
586 3118 759 3193 scientiae
775 3121 959 3218 proprium
978 3121 1081 3197 illum
1096 3145 1159 3196 co-

115 3247 232 3317 lorem
254 3242 482 3336 Europaeum
502 3242 680 3314 duxerint.
1225 3240 1227 3244 ’

166 3366 324 3442 Graecia
342 3365 492 3459 populos
508 3366 724 3460 interjacens
752 3369 977 3464 antiquitatis
1003 3372 1158 3445 cnlt‘issi.

116 3517 214 3575 mos,
241 3499 341 3586 grata
363 3488 523 3560 locorum
541 3491 716 3563 uarietate
739 3493 785 3564 ad
807 3494 1049 3591 quodcunque
1073 3495 1157 3602 ¹iere

117 3621 219 3692 ritae
250 3639 368 3711 genus
388 3614 566 3712 invitabat
593 3638 634 3686 ac
666 3628 795 3688 natura
822 3619 874 3689 ita
900 3630 977 3690 erat
1002 3622 1156 3715 partita,

115 3754 162 3815 ut
187 3738 428 3833 despotismus
456 3726 608 3812 existere
638 3739 800 3812 internus
826 3745 1003 3837 nequiret.
1052 3747 1159 3840 Ipsae

114 3864 346 3959 respublicae
375 3860 534 3936 Graecae
562 3870 789 3961 nequaquam
814 3889 895 3936 cum
927 3870 1062 3963 magnis
1086 3871 1157 3948 illis
1238 3933 1243 3942 .

116 3987 360 4061 Orientalium
387 3985 547 4083 imperiis
568 3987 840 4086 comparandae,
865 3993 1008 4089 propris
1028 3995 1156 4071 civita·
1259 4042 1264 4052 -
