2566 5040
467 372 833 435 BABYLONIL
1158 378 1177 436 3

122 552 331 625 mediorum
353 550 629 624 domesticorum
647 554 826 649 supellex,
852 578 894 625 ac
914 554 1172 649 simplicissima

120 677 328 747 laesionum
354 688 601 760 externarum,
626 677 814 750 vulnerum
839 680 1001 773 inprimis
1019 682 1169 753 curatio.

122 801 231 895 Quae
252 800 431 870 medicina
457 801 644 893 empirica,
670 802 867 874 domestica
888 815 977 874 tuuc
1001 807 1170 898 temporis

120 926 325 1020 prudenter
364 925 640 1019 Babyloniorum
673 926 744 999 hac
777 928 856 1022 lege
897 929 969 1000 fuit
1007 932 1166 1011 sancita,

123 1049 356 1144 quoniamae
376 1039 466 1130 fuit,
491 1048 637 1143 quaein
664 1048 756 1122 hacc
776 1062 938 1146 tempora
962 1051 1056 1123 etin
1073 1053 1167 1123 hanc

124 1158 270 1267 gentem
295 1173 536 1267 quamoptime
566 1174 785 1245 conveniret
814 1246 816 1253 ,

174 1298 289 1370 Erant
312 1297 480 1368 nimirum
511 1289 699 1393 Babylonii
731 1298 931 1392 antiquitus
959 1322 1044 1391 gens
1068 1298 1165 1380 iera,

123 1422 338 1504 monticola,
358 1421 541 1502 venatrix,
566 1442 661 1515 quae
680 1443 792 1516 quum
812 1422 850 1492 in
869 1422 1056 1516 planitiem
1078 1425 1166 1494 Seu·

120 1569 206 1618 naar
229 1543 477 1617 descendisset
505 1545 726 1640 populosque
752 1548 914 1618 mitiores
938 1548 976 1620 vi
1000 1559 1038 1618 et
1057 1549 1164 1618 armis

121 1673 340 1767 subegisset,
366 1669 536 1763 primum,
557 1668 656 1762 quod
670 1693 735 1741 nos
751 1671 900 1766 quidem
917 1672 1098 1752 novimus,
1124 1672 1163 1742 in

119 1797 274 1871 Oriente
294 1793 483 1886 imperium
501 1791 663 1862 condidit
680 1817 847 1888 magnum
869 1794 959 1865 illud
977 1806 1015 1865 et
1034 1807 1163 1888 poten·

114 1923 298 1996 tissimum
333 1915 590 2012 Babylonicum
605 1901 780 2001 dictum,
816 1920 921 2012 cujus
954 1921 1161 2009 metropolis

108 2059 193 2120 erat
202 2042 365 2138 Babylon
375 2093 385 2122 ,
395 2039 480 2110 urbs
493 2039 740 2124 celeberrima,
752 2054 974 2113 mercaturae
990 2043 1160 2138 antiquae

108 2180 247 2266 caput,
273 2169 313 2238 in
333 2189 442 2262 quam
457 2166 698 2237 cummultae
721 2178 896 2260 perpetuo
916 2169 1157 2261 undequaque

102 2291 321 2368 adfluerent
337 2301 461 2385 gentes
481 2301 518 2388 et
538 2314 646 2382 quam
664 2291 808 2384 plurimi
824 2291 1023 2384 peregrini,
1048 2291 1157 2383 hujus

101 2431 345 2514 aegrotorum
365 2416 404 2485 in
427 2413 543 2485 lorum
560 2414 746 2508 publicum
766 2413 1064 2507 exportandorum
1080 2437 1156 2484 mo·

100 2545 165 2614 ris
183 2555 222 2614 et
243 2542 342 2636 origo
367 2550 414 2635 et
427 2538 520 2609 ratio
544 2537 805 2630 intelliguntur.

494 2832 785 2860 ...ι-*νυ*

487 3030 777 3090 HBBHAEL

173 3279 412 3352 Hebraeorum
441 3283 501 3345 res‘
524 3271 665 3343 medica
693 3295 737 3340 ex
767 3268 1010 3340 Hebraeorum
1050 3271 1150 3343 theo·

122 3403 223 3472 usus
240 3401 400 3496 inprimis
432 3398 585 3496 intelligi
612 3395 723 3466 debet
751 3405 789 3463 et
807 3391 986 3483 explicari.
1034 3392 1149 3465 Abra·

124 3514 209 3596 homi
230 3524 366 3597 familia
382 3526 498 3594 Deum
523 3520 634 3590 coluit
654 3518 807 3588 familiae
826 3514 1010 3585 dominum
1025 3540 1067 3584 ac
1084 3541 1146 3610 pa·
1271 3547 1274 3554 ·

129 3650 220 3734 trem,
244 3651 308 3747 qui
324 3659 512 3744 postquam
525 3646 601 3737 ipsa
616 3644 654 3712 iu
672 3653 815 3736 gentem
835 3638 1002 3718 increvit,
1028 3643 1144 3732 gentis

132 3762 282 3848 llominus
297 3773 419 3844 etlicx
434 3769 566 3848 iactus,
585 3768 751 3838 innovas
764 3763 907 3832 nomine
917 3761 963 3830 ab
971 3763 1144 3834 Hebraeis

135 3895 228 3971 entus
255 3910 320 3971 est.
370 3878 557 3989 Quidquid
573 3891 659 3961 boni
681 3889 812 3984 populo
832 3884 1029 3966 acciderat,
1053 3887 1143 3980 Hegi

138 4030 296 4118 tteeptum
311 4021 465 4103 referre,
489 4014 854 4113 quidqnidevenerat
876 4009 975 4091 mali,
990 4008 1046 4079 *ab
1072 4009 1142 4081 lio·
1252 4002 1255 4007 ’

918 4128 933 4188 1
942 4132 957 4168 tl
