2566 5040
15 425 19 436 ¹
149 351 185 414 ro
502 349 838 414 sucrrrrr.

145 529 246 603 tione
261 518 330 597 ubi
349 532 821 625 ventremperoolurcrunt,
848 526 1022 602 condiunt
1039 541 1196 623 scptu&

147 655 248 748 ginta
270 674 334 746 pcr
350 651 447 732 dies,
472 653 605 725 deinde
627 657 683 725 sic
702 656 847 728 tradunt
862 653 1152 748 reportandum.”
1231 720 1236 729 ,

195 777 249 848 Ex
264 776 362 848 omni
376 776 447 846 hoc
462 775 541 848 loco
557 777 724 876 radicaret,
748 780 995 874 AEgyptiorum
1004 791 1191 851 auctomes

146 901 315 996 peritiam
346 923 388 970 ex
419 923 516 972 more
546 903 741 976 condiendi
772 904 947 976 cadavera
978 904 1192 974 nullatcnus

144 1024 307 1096 indicari.
618 1112 621 1117 ι

156 1213 159 1217 .
198 1146 337 1241 Quodsi
351 1147 428 1241 jum
444 1151 642 1245 quaeratis,
664 1152 782 1248 qualis
799 1149 943 1222 tandem
964 1148 1074 1222 fucrit
1093 1150 1193 1244 apud

143 1274 332 1370 ‘AEgyptios
362 1274 563 1347 medicinae
597 1276 775 1359 conditio,
802 1275 1098 1370 respondendnm
1113 1284 1193 1345 est:

151 1411 265 1469 artem
295 1423 338 1491 cx
365 1399 444 1490 iege
476 1399 608 1492 scripta
638 1399 794 1483 factam,
830 1399 938 1471 arctis
972 1399 1195 1493 singularum

149 1523 306 1614 partium
332 1521 463 1592 finibus
493 1524 818 1618 circumscriptam,
854 1524 893 1594 in
922 1525 1073 1617 templis,
1096 1526 1196 1594 Deo·

151 1668 232 1715 rum
249 1646 399 1725 cultam,
424 1647 667 1744 incautique
686 1647 892 1732 conditione
907 1646 1056 1750 versari,
1080 1669 1193 1742 quam

151 1769 248 1840 illius
269 1768 459 1851 infantiam
481 1781 630 1852 vocant,
657 1782 721 1842 aut
739 1782 894 1843 aetatem
917 1771 1076 1865 primam.

211 1896 336 1990 Neque
365 1896 472 1966 uliam
500 1895 612 1988 ipsius
639 1895 754 1995 etiam
791 1906 916 1990 postea
946 1892 1056 1964 iuisse
1093 1896 1195 1988 apud

153 2018 242 2089 alios
269 2019 427 2090 Orientis
446 2018 610 2112 'populos
641 2018 907 2100 conditionem,
932 2029 1110 2090 testantur
1134 2018 1198 2088 iti-

152 2153 359 2212 neratorum
375 2143 421 2214 de
443 2142 622 2213 medicina
649 2143 823 2214 Indorum
847 2154 887 2215 et
909 2143 1114 2214 Sincnsium
1138 2165 1199 2213 rc-

71 2323 73 2326 <
152 2265 323 2346 lotiones,
347 2289 442 2361 quae
458 2265 594 2361 puriter
610 2289 653 2336 ox
673 2266 1051 2362 traditionispendere
1069 2279 1200 2339 aucto·

153 2389 286 2481 ritate,
318 2391 427 2461 arctis
456 2391 614 2486 partium
644 2390 863 2484 singularum
897 2391 1072 2462 limitibus
1101 2390 1201 2460 defi-

155 2515 245 2594 niri,
271 2527 310 2587 ct
333 2513 626 2591 omniadecreta
651 2514 809 2610 corporis
831 2513 964 2587 notitia
993 2537 1113 2587 carere
1139 2513 1201 2584 vi·

156 2635 273 2709 detur.
698 2647 701 2653 '

521 2799 524 2822 ί
569 2820 795 2844 w—

288 2990 343 3071 nn
362 2985 635 3072 oarnnrrnrnn
654 3012 842 3072 ueniunt
861 3011 1069 3075 nmvnnsa.

209 3264 253 3338 ln
273 3263 422 3336 Oriente
446 3263 561 3358 prima
589 3264 802 3335 exstiterunt
827 3265 944 3336 cultus
966 3261 1115 3333 humani
1139 3248 1206 3354 ge·

161 3391 259 3462 neris
280 3388 395 3460 initia
444 3389 529 3459 Fuit
545 3399 676 3459 autem
697 3388 800 3459 hicce
828 3389 946 3458 cultus
975 3410 1094 3466 sacer,
1118 3387 1205 3456 reii-

162 3518 282 3609 giosus
303 3512 445 3608 ipsique
468 3511 673 3585 sacerdotes
701 3513 809 3607 primi
830 3513 988 3606 gentium
1014 3510 1205 3582 instituto·

160 3663 231 3710 res.
281 3637 497 3709 Medicinam
523 3663 608 3712 vero
633 3637 731 3732 quod
753 3620 904 3719 attinet,
930 3661 973 3712 ea
995 3659 1039 3707 ex
1059 3635 1206 3705 domes·-

162 3762 237 3834 'tica
257 3762 422 3856 gentium
450 3756 716 3834 nomadicarnm
747 3760 995 3833 observatione
1028 3770 1067 3830 et
1098 3781 1209 3850 erpe-

163 3887 298 3960 rientia
322 3898 422 3966 orta,
441 3889 651 3980 pracsertim
673 3885 868 3957 diaetetica
893 3897 971 3957 erat
991 3907 1033 3954 uc
1062 3892 1208 3976 practer
1270 3900 1272 3904 ⁴

61 4103 63 4108 ,
136 4013 259 4083 ,hanc
280 4012 393 4106 ipsum
416 4013 592 4084 divinatio
613 4010 762 4082 medica.
1029 4004 1031 4024 ²
