2566 5040
111 359 186 443 ¹230·
397 377 529 446 aaa.
560 399 596 443 s.
626 381 885 446 alonna.

113 576 445 651 ,ualentesquonum
460 554 645 630 doctrinae
659 563 861 632 eonomine
877 565 1166 650 consentiebant,

118 681 226 777 ¹quod
247 705 298 781 -ex
320 680 544 751 mechanicis
560 684 776 776 pandebant
802 685 998 780 principiis.
1049 691 1168 762 Altius

127 804 657 898 iemropetiveratsnann1n8‚
682 808 835 878 animam
855 813 1088 899 oeconomiae
1100 813 1167 884 lm·

123 953 256 1001 manae
289 927 516 1023 praeficiens:
554 932 619 1025 qui
645 933 780 1002 nodum
809 930 1031 1005 Gordianum
1060 938 1167 1030 magis

103 1053 376 1157 'apersoinderm
403 1074 512 1148 quam
527 1056 894 1142 solveremdebetur.
943 1056 1095 1128 Scilicet
1115 1083 1169 1131 cor

122 1176 365 1248 suoverioum
378 1177 920 1275 jampridem-eratioognitum,
931 1204 1063 1274 nuper
1078 1181 1170 1278 quali

66 1385 70 1391 ῃ
120 1301 238 1371 modo
258 1290 467 1372 'moveatur
502 1295 697 1372 ostensum
717 1316 809 1374 erat.
868 1302 952 1374 ¹Sed
987 1318 1168 1397 supererat

125 1425 295 1519 quaestio
326 1426 514 1513 solvenda,
540 1425 672 1520 quibus
688 1438 891 1498 moveatur
916 1427 1067 1498 viribus.
1089 1478 1091 1483 -
1114 1430 1170 1500 ti-

121 1547 283 1645 quidum
300 1573 473 1623 nereeum
497 1551 604 1644 vulgo
623 1551 859 1645 innocabnnm
886 1549 988 1641 cujus
1011 1573 1078 1643 per
1098 1575 1170 1622 ner·

122 1697 196 1749 .vos
237 1684 375 1742 motum
420 1674 648 1745 circulationi
678 1673 978 1769 'aequiparabunt
1018 1675 1167 1767 plurimi

122 1799 193 1868 sio
226 1819 313 1868 vero
346 1799 458 1891 magis
487 1797 644 1880 dimota,
673 1812 784 1892 quam
814 1797 989 1889 explicata
1012 1801 1169 1892 quaestio

59 1981 61 1984 .
123 1945 272 2015 semper
314 1921 409 1992 intra
449 1922 636 1996 materiam
662 1933 705 1992 et
742 1921 1025 1991 mechanismum
1063 1927 1169 1994 stetit
1207 1967 1210 1978 ·

124 2047 228 2118 mum
245 2044 360 2141 igitur
372 2047 564 2140 litigarent
587 2046 738 2127 medici,
755 2045 843 2114 ,aliis
863 2069 906 2114 ex
925 2048 1086 2116 materia
1104 2047 1171 2117 ina·
1205 2071 1208 2078 ·

103 2169 289 2271 Ιᾰιὶιῖιῃιιῑει,
314 2171 394 2241 aliis
417 2196 464 2241 ex
489 2170 666 2265 principio
697 2168 865 2264 psychioo
893 2193 968 2239 rem
994 2172 1168 2265 explicui·

127 2290 250 2375 tibus,
268 2294 411 2366 ..medias
429 2296 525 2365 inter
541 2295 761 2387 litigantium
779 2292 900 2362 turbas
912 2298 1067 2366 surrexit
1079 2301 1173 2367 suu

132 2437 257 2500 tanus,
285 2419 341 2490 vir
360 2420 587 2500 immortalis,
612 2429 728 2488 tantas
746 2417 829 2487 lites
847 2420 1121 2511 compositurus.

184 2545 221 2619 ts
246 2567 317 2614 nec
352 2540 618 2638 comparatione
647 2566 733 2613 usus
761 2553 833 2622 est,
867 2565 936 2611 nec
967 2543 1173 2625 ratiocinio,

39 2654 41 2658 Α
136 2668 199 2738 sed
213 2669 434 2764 experientia
454 2693 569 2763 eaque
587 2689 660 2736 non
670 2665 758 2736 rudi
778 2678 842 2735 eut
861 2666 1092 2758 imperfecta,
1118 2668 1176 2738 sed

138 2797 183 2867 ad
202 2807 334 2866 certam
356 2792 568 2864 methodum
584 2791 796 2885 composita,
821 2790 988 2861 rationali
1012 2791 1177 2874 maxime,

137 2919 277 2999 decies,
302 2917 621 3010 centies'repetite.

187 3041 270 3134 Ipse
290 3040 337 3110 ad
353 3063 428 3109 rem
448 3040 697 3134 explorandam
724 3037 901 3107 excitatus
925 3048 980 3108 est
1001 3062 1046 3108 ea
1064 3037 1179 3108 obser·

140 3165 304 3244 vatione,
333 3186 438 3234 core
465 3188 612 3258 corpore
636 3156 810 3232 evulsum
826 3163 981 3255 pulsare,
1006 3164 1179 3256 palpitare

32 3299 34 3304 ’
139 3301 350 3382 motumque
371 3289 597 3367 continuare,
623 3286 720 3356 unde
745 3285 840 3355 effici
863 3286 1097 3368 existimavit,
1125 3309 1181 3356 cor

142 3396 280 3482 moveri
308 3434 329 3479 a
358 3433 483 3481 caussa
512 3411 652 3504 ignota,
676 3433 796 3504 neque
823 3433 845 3479 a
874 3411 1036 3492 cerebro,
1065 3433 1180 3506 neque

142 3535 189 3605 eb
210 3534 350 3604 arteriis
374 3535 589 3627 repetenda,
615 3557 741 3605 verum
762 3534 801 3602 in
820 3534 895 3626 ipsa
915 3536 1032 3606 cordis
1049 3534 1186 3606 lubrica

135 3659 289 3734 latente.
340 3659 437 3731 Duas
461 3681 591 3750 nempe
611 3657 706 3735 ‚vires
732 3657 849 3733 cordis
866 3659 1022 3754 systolen
1045 3671 1186 3731 susten·

134 3795 278 3865 tontes,
306 3784 466 3862 alteram
491 3807 512 3855 a
537 3783 656 3853 nervis
686 3794 724 3853 et
748 3783 897 3876 quidem
923 3782 1021 3876 paris
1046 3781 1186 3867 octavi,

137 3909 292 3984 alteram
313 3932 336 3983 ‚a
356 3906 527 4001 ancyriae
548 3916 624 3981 tum
643 3905 682 3977 in
701 3908 922 3989 coronarias,
950 3917 1027 3977 tum
1044 3907 1083 3975 in
1100 3928 1189 3976 cava

135 4031 263 4106 cordis
284 4030 452 4109 affluente
474 4040 641 4126 posuerat
656 4028 919 4101 Bonnnsuvrus.
972 4031 1070 4126 Quas
1088 4053 1190 4105 eaus-
