2566 5040
110 385 170 480 ³⁷⁸
315 382 579 447 enrsrorocm
598 383 953 483 subsummatus„

18 599 19 602 ¹
116 559 355 652 necrologiac,
370 558 669 653 quemadmodum
684 569 861 629 testantur
874 559 1057 651 praeclara
1070 573 1154 631 ana-¹

118 686 329 757 tomicorum
346 681 393 753 de
412 683 576 763 cerebro,
597 680 753 752 medulla
772 680 917 774 spinuli,
936 686 1059 755 nervis
1077 710 1155 756 sen·

117 830 294 901 suumque
321 807 471 876 officinis
495 806 641 880 inventa
661 801 700 890 et
717 807 866 900 scripta,
888 808 936 878 de
957 776 1091 902 duibus
1107 808 1154 880 cf.

120 932 158 1015 C.
192 929 390 1023 §nannents
417 928 576 1001 Versaet
606 931 707 998 einer
736 931 1042 1024 pragmatiscben
1086 930 1155 1004 Ge·

118 1056 361 1141 schicbtedcr
374 1049 643 1131 drensitant,
653 1056 883 1149 sortgezetzt
901 1079 969 1126 von
987 1055 1051 1126 Dr.
1065 1056 1156 1129 Boa-

120 1199 220 1252 ω»
238 1154 351 1258 mci,
369 1176 482 1252 wien
504 1173 597 1248 1826
620 1199 654 1269 p.
676 1176 748 1248 502
768 1201 844 1272 sqq.

52 1324 54 1328 “
167 1304 251 1376 Vim
280 1323 471 1372 nervorum
501 1299 540 1367 in
570 1295 828 1390 digestionem,
867 1301 1156 1384 circulationem,

1 1475 2 1478 =
120 1425 408 1520 respirationem,
433 1423 587 1492 calorem
611 1421 800 1493 animalem
823 1446 888 1518 per
911 1425 1154 1518 experimenta

121 1529 403 1644 investigarunt,
438 1546 561 1619 varias⁴
590 1546 767 1618 variarum
797 1551 996 1640 systematis
1032 1550 1155 1621 neraei

120 1673 384 1768 provinciarum
398 1680 517 1764 partes
528 1670 568 1739 in
585 1656 721 1739 motum
734 1670 920 1740 animalem
939 1671 1153 1764 regundum,

20 1821 25 1828 ·
121 1819 313 1879 nervorum
343 1817 465 1865 sensus
491 1806 658 1870 munera.
684 1794 880 1886 analogiam
909 1795 1057 1866 virtutis
1079 1819 1154 1869 ner·

123 1942 211 2002 veae
230 1932 269 1991 et
291 1918 537 1999 electricitatis
555 1919 688 2011 pariter
705 1903 957 2012 experimentis
981 1918 1153 1990 examina·

123 2055 220 2127 runt.
255 2042 391 2138 Quodsi
410 2044 626 2136 cogetimus,
643 2052 832 2117 anatomen
850 2042 1075 2112 subtiliorem
1082 2042 1154 2136 jam

124 2167 245 2240 seculo
256 2165 396 2239 decimo
409 2166 549 2246 octavo,
567 2165 659 2236 aiam
671 2164 951 2238 monstrantibus
962 2166 1169 2249 Monetam,
1193 2256 1194 2262 η

73 2345 75 2349 ,
123 2302 317 2384 nostroque
329 2288 482 2371 Anemo,
495 2289 605 2382 magis
623 2287 732 2360 fuisse
744 2289 896 2368 cultam,
922 2291 1030 2359 simul
1049 2293 1152 2382 magis

125 2412 286 2484 criticam
308 2411 570 2490 factamfuisse
599 2412 775 2482 theoriam
797 2409 971 2481 medicam
983 2440 994 2500 3
1020 2415 1153 2486 Halm·

4 2607 7 2613 .
123 2556 197 2610 aare
222 2558 344 2626 veram
370 2561 497 2633 magno
520 2562 584 2609 suo
614 2559 721 2630 opere
746 2534 947 2606 condidisse
982 2536 1154 2631 physiolo-

125 2663 238 2755 giam,
261 2661 300 2731 in
324 2686 398 2757 quo
421 2662 529 2732 etiam
558 2660 799 2753 experimenta
819 2657 865 2730 de
886 2659 1050 2752 partibus
1078 2661 1153 2732 irri-

126 2785 305 2861 tabilitatc
328 2768 493 2857 etsensu
517 2785 708 2877 praeditis,
731 2761 920 2862 emendata
948 2784 1026 2865 illa,
1056 2810 1156 2880 expo·

126 2918 263 2996 suerat3
293 2905 482 2981 Attmmmo
508 2909 648 2979 Scabra
678 2905 725 2977 de
751 2905 870 2976 nervis
902 2907 1020 2978 cordis
1049 2912 1155 3002 scrip-

125 3033 231 3119 sisse3
254 3030 301 3104 de
320 3034 521 3127 encephalo
541 3045 578 3103 et
597 3054 764 3103 sensuum
783 3030 936 3101 officinis
961 3035 1170 3126 praeclaras.

125 3159 250 3229 icones
273 3153 428 3229 edidisse
446 3159 781 3237 summersam,
804 3177 1033 3251 nequaquam
1059 3159 1160 3228 mira·

127 3282 263 3362 bimur,
284 3304 363 3351 eam
382 3292 520 3375 partem
535 3280 696 3352 theoriae
715 3279 894 3362 medicae,
913 3302 1006 3374 quac
1023 3276 1065 3351 in
1082 3280 1161 3352 sub·

127 3406 239 3477 tiliori
267 3404 457 3498 organismi
486 3404 706 3498 cognitione,
739 3425 932 3475 nervorum
965 3409 1159 3500 praecipua

129 3527 338 3622 explicanda
352 3538 532 3608 versatur,
550 3551 673 3620 magna
687 3529 821 3620 cepisse
836 3529 1070 3627 incrementa3
1086 3540 1160 3599 tum

114 3647 221 3748 'quae
246 3650 483 3747 generationis
510 3664 642 3732 munus
665 3662 821 3743 spectat,
855 3649 901 3722 de
935 3678 1007 3746 qua
1032 3674 1162 3723 noram

128 3777 280 3871 protulit
296 3776 471 3846 theoriam
492 3774 707 3867 percelebris
725 3775 770 3845 de
791 3775 941 3848 historia
955 3776 1163 3847 animalium

130 3901 279 3995 scriptor
295 3922 343 3971 nn
360 3901 515 3977 Borion,
541 3922 648 3992 quam
667 3899 830 3970 iconibus
854 3901 1049 3972 illustravit
1073 3901 1164 3970 Hart-

128 4042 235 4098 rtaus
267 4047 456 4120 'quamque
495 4021 802 4097 observationibus
830 4034 873 4095 et
911 4023 1165 4122 experimentis
