2566 5040
254 377 471 449 nomentan
490 374 767 434 THEORETICAE
784 374 980 436 HISTORIA.
1047 442 1048 445 ,
1082 379 1139 441 197

98 553 411 628 muneracerebri
434 564 472 623 et
493 574 684 623 nervorum
715 575 757 621 ac
786 549 975 644 spirituum
1003 550 1140 643 animas

93 676 186 746 lium
215 689 374 759 motum,
409 675 484 747 sive
523 675 769 749 transfusionis
805 684 843 744 et
872 672 1062 746 infusionis
1095 677 1135 748 in

90 800 308 894 sanguinem
323 799 533 870 methodum
551 798 765 870 adhibendo.
812 795 888 878 Ita,
913 809 956 867 ut
973 799 1033 879 fit,
1051 823 1134 893 pro·

88 947 142 1017 pe
177 922 313 1004 abluit,
344 923 433 1015 quin
467 944 607 992 omnem
633 920 790 1013 corporis
824 941 1028 1013 compagem
1054 944 1133 992 ras-

50 1128 54 1134 ,
89 1042 255 1117 culos'am
279 1069 356 1118 esse
383 1045 560 1117 Rntscnto
584 1043 717 1114 medici
747 1039 1021 1115 adsentirentur.
1070 1044 1131 1115 Ab

56 1187 61 1195 ·
88 1169 306 1242 hocerrore
338 1169 405 1240 sibi
429 1171 525 1240 cavit
549 1165 664 1237 Marto.
683 1166 926 1245 Matrtcutos,
954 1166 1133 1260 physiolo-

86 1279 194 1387 logus
223 1294 301 1364 veri
331 1293 504 1374 nominis,
529 1291 593 1386 qui
622 1289 719 1360 ritae
748 1286 936 1357 scientiam
959 1313 1022 1370 eo,
1044 1316 1129 1386 ¹quo

87 1428 254 1508 oportet,
279 1418 385 1489 modo
406 1418 537 1498 coluit,
560 1438 634 1485 non
658 1419 887 1506 praepostera
908 1400 1127 1510 matheseos,

85 1539 272 1634 physices,
296 1541 556 1636 metaphysices
585 1518 842 1630 adplicatione,
873 1533 937 1604 sed
962 1533 1130 1620 observaq

84 1662 189 1733 tione
212 1675 250 1734 et
271 1662 567 1757 interpretatione
588 1658 781 1751 analogica.
832 1654 938 1747 Quod
961 1681 1027 1751 per
1045 1668 1150 1752 per-J

86 1784 251 1856 tectioris
275 1787 462 1880 organismi
493 1771 640 1857 humani
672 1779 1006 1873 contemplationem
1035 1783 1129 1855 diffi-

85 1909 205 1979 culter
234 1913 476 2002 cognoscitur,
510 1910 550 1978 in
579 1905 853 2001 simplicioribus
878 1906 975 1976 ritae
1004 1905 1126 1978 lormis

81 2033 163 2104 sive
192 2033 414 2126 plantarum,
450 2032 526 2105 sive
554 2001 759 2100 animalium
791 2027 1015 2123 perquisivit.
1059 2032 1125 2129 ‚sie
1180 2014 1189 2128 Α,

80 2175 268 2239 vasorum,
295 2159 346 2228 sic
364 2158 590 2252 pulmonum,
618 2155 669 2224 sic
692 2152 957 2246 glandulerum,
984 2156 1035 2226 sic
1054 2156 1126 2228 ris·

80 2301 212 2363 cerum⁴
228 2291 441 2351 structuram
460 2280 701 2372 glandulosam
717 2277 903 2373 explicuit,
929 2279 1035 2350 sicin
1053 2270 1122 2352 oro

76 2403 197 2497 prima
223 2405 321 2475 ritae
345 2405 495 2475 stamina
520 2414 728 2497 persecutus
751 2412 823 2484 est,
850 2401 920 2484 sic,
946 2429 1039 2499 quae
1067 2428 1123 2476 re-

77 2527 222 2597 centior
250 2527 471 2622 physiologia
496 2526 693 2621 patefecit,
727 2549 850 2595 eorum
873 2527 987 2618 prima
1019 2553 1122 2623 repe·

75 2649 224 2721 riuntur
256 2653 295 2721 in
333 2649 578 2745 Malpighiania
610 2650 737 2735 initia3
778 2672 846 2718 nec
881 2661 1121 2742 comparatam

78 2771 337 2866 physiologiam
374 2785 536 2854 tantum,
572 2797 695 2843 rerum
735 2771 844 2845 etiam
879 2770 1119 2864 pathologiam

79 2908 321 2990 comparatam
344 2921 471 2992 magno
498 2897 617 2967 studio
641 2896 768 2976 coluit,
797 2895 999 2997 indagando
1019 2897 1119 2988 plan-

77 3022 198 3089 tarum
224 3031 391 3098 tumores.
438 3020 543 3116 Quod
567 3043 640 3088 non
666 3029 839 3110 punctum
875 3019 1021 3100 saliens,
1054 3022 1119 3092 sed

76 3141 214 3213 chorda
239 3141 381 3238 spinalis
400 3145 502 3215 sitin
526 3142 669 3212 animali
700 3143 993 3236 primogenitum,
1018 3143 1118 3237 quod

73 3265 286 3359 pulmonum
317 3281 506 3357 structura
525 3268 572 3337 sit
602 3247 824 3347 vesicularis,
848 3267 947 3361 qnod
974 3265 1115 3359 hepatis

74 3398 258 3461 structura
280 3392 327 3462 sit
346 3391 571 3484 glandulosa,
596 3390 693 3485 quod
713 3390 868 3483 partium
885 3391 978 3460 cutis
996 3413 1115 3460 acces·

73 3507 248 3583 seriarum
275 3513 494 3609 (systematis
518 3514 657 3604 ccmei‘)
681 3513 771 3583 mira
799 3513 847 3583 sit
866 3513 1043 3610 anplogia:
1073 3514 1113 3584 id

72 3636 282 3710 Manrafflo
299 3638 452 3709 debetur
473 3636 680 3728 indagatum
700 3659 743 3706 ac
763 3638 955 3729 cognitum.
1004 3638 1118 3740 Hunc
1236 3709 1239 3715 ,

70 3771 260 3832 auctorem
277 3788 350 3856 quo
374 3761 484 3853 magis
512 3758 629 3828 animo
656 3760 833 3852 perlegas,
859 3782 901 3828 ec
925 3751 1036 3852 magis
1056 3760 1110 3829 in·

69 3883 216 3964 venies,
250 3909 371 3956 eorum
401 3886 626 3954 inventorum
653 3880 836 3953 continere
862 3882 982 3964 initia,
1017 3907 1111 3976 quae

68 4000 253 4082 recentior
281 4022 378 4081 aetas
407 4007 475 4078 sibi
509 4007 636 4078 tribuit
660 4029 828 4106 quaeque
853 4008 996 4100 plures,
1033 4007 1109 4079 sive
