2566 5040
154 403 219 471 Μ
493 397 686 460 tramenta
705 396 865 496 uteret.

160 583 318 656 docum
345 575 468 653 morbo
491 588 531 648 et
551 575 637 648 oriri
663 584 703 646 et
725 576 854 669 perire.
903 573 989 667 Ipse
1017 573 1058 644 in
1084 573 1209 669 aegro-

160 719 262 783 tante
280 705 510 785 microcosmo
530 700 666 772 fluxum
685 710 724 770 et
743 696 921 768 refluxum
942 707 987 767 ut
1010 698 1051 767 in
1067 722 1208 770 oceano

162 831 344 925 concitare
378 826 501 922 sicque
530 825 698 920 prodesse
729 822 880 893 studuit
940 821 1056 894 Initio
1083 835 1208 905 tamen

52 993 56 1000 ¹
164 954 389 1028 curationum
413 973 557 1022 suarum
579 960 746 1040 magnete
766 970 854 1018 usus
872 957 943 1019 eat..

175 1088 190 1133 ·'
219 1074 431 1150 'Academiis
469 1073 738 1145 celebrioribus.
759 1072 903 1164 scripsit
934 1082 977 1145 et.
1003 1069 1212 1145 doctrinam

163 1227 264 1277 acam
293 1221 474 1294 exponens
505 1208 544 1268 et
570 1197 772 1267 curationes
801 1196 971 1268 reserens.
1019 1196 1082 1270 Ad
1101 1224 1215 1296 ¹quas

164 1329 332 1425 epistolas
347 1325 420 1395 sola
434 1319 620 1414 respondit
636 1318 832 1392 Academia
849 1321 1110 1395 Berolinensisr
1130 1324 1211 1397 non

145 1475 325 1548 ¹magnam
343 1446 576 1551 tribuiposse
595 1442 704 1514 fidem
718 1468 787 1515 nec
803 1444 1071 1529 theoriae,·neo
1088 1451 1208 1543 praxi,

163 1600 257 1674 quae
277 1570 433 1667 cognitis
453 1580 605 1639 naturae
623 1567 763 1662 legibus
783 1581 972 1665 tantopere
993 1584 1185 1666 repugnat.

211 1698 349 1771 Exinde
375 1696 562 1765 ursaceus
589 1715 700 1760 noras
727 1692 881 1786 perfecit
904 1695 1130 1780 curationes,
1155 1697 1208 1769 in·

95 1917 97 1922 .
165 1835 222 1895 ter
248 1844 337 1918 quas
362 1817 531 1889 notabilis
558 1817 709 1886 maxime
732 1819 872 1912 puellae
900 1819 1108 1913 eujusdam,
1132 1833 1207 1895 arte

164 1949 302 2021 musica
321 1945 454 2025 clarae,
474 1941 618 2011 nomine
638 1940 801 2024 Paradis,
818 1944 1078 2026 amauroticae,
1100 1969 1207 2041 quam

164 2071 242 2165 ipse
258 2090 398 2140 sanasse
422 2090 498 2137 sese
521 2065 723 2148 contendit,
748 2058 961 2160 negantibus
983 2067 1205 2142 adversariis.

165 2193 256 2266 Tum
281 2192 453 2281 malarum
474 2191 606 2259 artium
627 2189 665 2258 in
693 2191 809 2285 patria
835 2203 1022 2286 pertaesus
1042 2193 1208 2287 migrarit

165 2316 347 2388 Lutetiam
376 2313 614 2392 Parisiorum,
649 2311 714 2382 ubi
740 2318 894 2405 primum
925 2316 1071 2410 ignotus
1101 2318 1207 2400 vixit,

166 2437 348 2516 astbrevi
370 2446 456 2532 'post
477 2435 580 2506 novis
609 2438 855 2510 curationibus
878 2438 984 2510 iactis
1012 2440 1060 2510 ab
1074 2441 1210 2515 ‘ordire

165 2564 387 2638 medicorum
408 2572 600 2649 evocatur,
624 2572 667 2632 ut
686 2563 839 2634 examini
857 2564 1029 2659 subjiciat
1046 2590 1114 2636 sua
1127 2567 1210 2662 dog·

165 2702 262 2763 mata
285 2709 456 2781 suamque
480 2687 616 2779 praxin.
664 2686 772 2780 Quod
799 2700 943 2761 recusat
970 2691 1051 2773 ille,
1077 2685 1213 2785 negans

165 2837 269 2910 posse
293 2812 338 2884 ab
362 2810 441 2882 aliis
463 2834 539 2882 rem
563 2811 770 2906 dijudicari.
817 2812 941 2907 Neque
966 2815 1017 2887 ita
1040 2815 1108 2887 diu
1132 2826 1212 2910 post

167 2938 305 3011 socium
325 2935 395 3006 sibi
412 2935 580 3030 adjungit
603 2948 711 3032 atque
731 2935 885 3007 amicum
906 2937 1036 3011 canor.
1061 2940 1213 3012 n’Eston

166 3061 389 3134 medicorum
408 3060 526 3131 ordini
547 3061 787 3154 adscriptum,
813 3086 921 3156 quem
940 3064 1117 3135 idoneum
1129 3087 1213 3158 cog-

167 3196 297 3277 norat,
323 3186 383 3256 cui
405 3184 606 3258 doctrinam
625 3207 725 3256 suam
744 3185 913 3259 traderet.
961 3188 1045 3258 Hac.
1060 3187 1215 3258 societa-

169 3322 206 3382 te
228 3309 370 3379 firmato
394 3306 512 3377 animo
540 3307 673 3380 librum
706 3309 823 3382 edidit
846 3307 981 3407 (1779.)
1006 3338 1082 3409 quo
1111 3336 1216 3409 prae·

168 3433 276 3527 cipua
305 3431 490 3502 doctrinae
525 3434 643 3526 capita
674 3436 887 3529 explicaret,
921 3459 1018 3532 quae
1051 3435 1127 3508 huc
1159 3461 1219 3509 re·

170 3539 305 3628 deunt:
331 3579 408 3627 esse
432 3566 595 3627 mutuam
620 3581 809 3653 corporum
832 3561 1059 3641 coelestium,
1087 3574 1220 3633 terrea·

171 3681 282 3750 trium
308 3691 347 3750 et
370 3679 570 3752 viventium
591 3682 785 3765 actionem,
814 3708 889 3779 ope:
903 3683 1010 3756 fluidi
1027 3686 1220 3781 cujusdam

89 3886 91 3891 ,
174 3803 354 3882 aetherei,
377 3804 573 3875 secundum
588 3806 683 3898 leges
695 3808 1041 3902 hactenusignotas,
1062 3809 1110 3882 ad
1122 3810 1223 3882 simi·

172 3924 365 3996 litudinem
386 3923 503 3998 fluxus
522 3939 560 3998 et
577 3928 735 4002 refluxus
757 3936 883 4004 maris:
909 3956 1015 4028 agere
1032 3932 1129 4006 hanc
1148 3933 1224 4007 rim

175 4050 215 4119 in
242 4070 371 4122 nervos
400 4049 625 4144 potissimum
652 4055 761 4153 inque
793 4078 942 4152 corpore
958 4091 960 4095 v
969 4055 1225 4152 phaenomena
