2566 5040
254 372 302 452 c.
319 386 497 461 narrar,
516 385 782 458 mmmmm,
802 385 836 444 r.
855 378 1017 444 narsen.
1098 379 1156 443 aar

119 546 284 662 paravit,
298 565 414 636 Verus
430 559 670 632 circulationis
682 559 862 653 sanguinis
880 560 1061 637 inventor,
1084 553 1155 625 hu«.

116 692 179 786 jus
208 689 494 763 mechanismum,
513 686 551 754 in
581 685 790 754 animalibus
821 683 1000 755 indelessa
1024 678 1155 750 mentis

120 811 354 883 contentione
381 809 538 888 detexit,
573 808 767 901 explicuit,
801 806 1078 885 demonstravit,
1112 812 1157 872 ut

117 958 194 1006 non
217 945 358 1005 tantum
382 931 542 1012 inventi,
568 953 692 1000 verum
725 929 834 1001 etiam
859 929 999 1000 inventi
1028 925 1155 1021 proba·
1271 962 1272 966 ¹

117 1057 230 1161 tionis
253 1078 295 1126 ac
319 1054 631 1126 demonstrationis
657 1055 766 1146 gloria
786 1055 880 1127 inter
897 1073 1019 1121 omnes
1038 1049 1155 1121 excel·

116 1179 171 1250 lat
197 1178 423 1273 posterisque
456 1179 632 1271 exemplar
663 1178 838 1271 praebeat·
862 1168 1051 1252 methodi,
1082 1194 1156 1266 qua

117 1326 175 1374 res
197 1324 311 1372 novae
342 1303 380 1370 in
406 1325 526 1372 rerum
551 1312 679 1372 natura
704 1299 858 1372 inveniri
886 1310 1001 1392 atque
1022 1294 1154 1388 ignaris
1265 1322 1267 1327 ¹

116 1416 297 1520 explanari
326 1423 502 1506 debeant,
528 1424 822 1506 illustrissimum,
844 1441 1052 1513 summoque
1069 1419 1155 1510 jure
1207 1468 1216 1480 ..

115 1549 247 1641 dignus
275 1560 485 1630 censeatur,
520 1547 625 1640 cujus
659 1549 787 1619 merita
815 1573 836 1618 a
867 1544 1155 1641 physiologornm

115 1671 278 1766 principe
297 1673 517 1741 marnam
549 1683 586 1741 et
616 1673 662 1741 ab
693 1674 971 1743 anatomicorum
1016 1689 1153 1737 summo

116 1794 255 1866 Auerno
272 1770 505 1865 celebrentur.
531 1797 683 1888 Suppari
707 1796 841 1888 ingenii
861 1793 1034 1864 felicitate
1055 1798 1153 1861 men·

116 1918 236 2013 tisque
273 1918 457 2023 alacritate
495 1896 734 2011 generationis
767 1919 951 2011 negotium
988 1939 1154 2011 persecu·
1191 1932 1195 1938 '

118 2055 177 2114 tus
205 2054 260 2113 est
283 2064 324 2112 ao
352 2042 462 2122 mira,
486 2067 558 2138 qua
584 2045 781 2136 gaudebat,
809 2040 1037 2135 comparandi
1064 2041 1152 2110 dote
1188 2118 1194 2131 1

114 2166 236 2236 thesin
255 2189 372 2236 suam:
399 2189 502 2237 omne
532 2169 717 2240 virum‘er
737 2193 804 2240 oro
834 2169 976 2241 firmare
1004 2175 1153 2236 conatus

115 2302 180 2362 est.
221 2291 301 2396 Qua
319 2290 358 2361 in
374 2315 413 2361 re
434 2292 486 2361 ita
501 2317 538 2363 se
556 2294 680 2387 gessit,
706 2303 749 2363 ut
766 2296 1018 2364 Anrsrorauuru
1046 2289 1151 2361 simul
1253 2266 1255 2274 ,

112 2425 288 2509 perpetuo
333 2419 585 2487 commentario
623 2418 831 2511 instruxerit
866 2440 909 2486 ac
954 2417 1152 2487 Faantcttnt

112 2550 293 2634 tamquam
316 2552 672 2632 praemonstratorem
702 2540 919 2611 adhibuerit.
978 2540 1153 2633 Oviparo·

111 2683 192 2746 rum
227 2661 412 2732 historiam
440 2663 500 2733 ori
527 2667 677 2758 gallinae
709 2664 869 2756 exemplo
897 2663 1079 2756 proposito
1111 2663 1153 2732 il·

110 2785 300 2857 lustravit:
343 2787 583 2880 viviparorum
619 2815 702 2860 vero
740 2810 925 2858 cervarum
962 2796 999 2855 et
1032 2786 1152 2856 dama·

111 2933 192 2981 rum
230 2912 388 3005 exemplo
422 2911 557 2982 docuit.
622 2892 737 2984 lttud'
753 2912 962 3007 praesertim
1004 2911 1043 2980 in
1080 2911 1151 2981 hoc

108 3057 268 3128 quoque.
286 3058 392 3127 opere
419 3036 653 3108 admiratione
680 3038 829 3132 dignum
860 3047 931 3118 est,
957 3034 1056 3130 quod
1076 3060 1150 3106 non

109 3165 251 3226 tanturn
291 3158 429 3251 ignotas
474 3163 577 3232 nobis
620 3176 731 3233 terras
775 3162 928 3234 adierit·
949 3159 1150 3231 invenerit·

107 3302 200 3375 que,
226 3280 289 3349 sed
318 3284 496 3375 quomodo
521 3285 591 3355 iter
618 3286 687 3355 hoc
721 3288 936 3380 perfecerit„
968 3284 1148 3380 quomodo

105 3412 274 3472 naturam
298 3406 445 3487 adierit,
478 3432 550 3501 qua
582 3411 717 3498 semita
733 3412 909 3483 institerit
937 3423 975 3481 et
1000 3436 1021 3480 a
1046 3411 1150 3480 mini-

106 3527 178 3597 mis
205 3552 347 3599 exorsus
377 3530 422 3600 ad
448 3534 583 3624 majora
612 3537 831 3625 promoverit
854 3518 1003 3629 pedem,
1037 3547 1080 3607 ut
1103 3534 1150 3606 ad

105 3651 252 3720 interna
282 3654 426 3723 tandem
459 3657 569 3749 ipsius
599 3680 727 3756 arcana
756 3672 985 3752 penetraret,
1020 3654 1148 3751 magno
1239 3667 1243 3671 ’

102 3773 244 3865 ingenii
265 3778 418 3849 candore
437 3772 611 3852 douderit.
662 3783 825 3866 Scilicet,
851 3783 949 3879 quod
968 3782 1047 3853 'sibi
1065 3805 1148 3874 pro·

101 3912 276 3992 posuerat
297 3904 501 4007 problema,
526 3905 639 3999 primo
660 3931 725 4001 per
740 3921 860 4000 partes
883 3908 1147 4009 contemplatus

101 4034 165 4095 est
199 4027 369 4122 quodque
394 4052 459 4123 per
487 4029 646 4124 analysin
675 4032 849 4114 solverat,
885 4032 1056 4130 deinceps
1082 4053 1147 4127 per
