2566 5040
331 359 428 424 m
446 364 682 427 subactas
701 367 997 434 slemcntsossa·
1139 373 1182 436 87

131 545 342 608 securatam
357 537 544 612 historiam
556 543 713 638 neglexit
723 545 915 617 Oarnsm
928 547 981 617 its
1000 559 1043 620 nt
1062 547 1179 620 medi-

135 675 381 736 oameulomm
395 666 563 737 venusi
581 689 619 738 se
637 678 753 738 totum
767 669 904 742 daret.”
937 669 1178 768 Quaquidem

140 799 242 893 nota,
264 800 308 858 ut
324 799 432 859 antea
449 791 591 882 saepius
607 792 827 872 monuimus,
852 794 996 888 propris
1016 777 1180 868 cernitur-

86 916 89 923 ’
139 911 336 984 medicinae
361 913 553 1007 empiricae
583 915 686 984 ratio.
736 913 908 987 Nimirum
933 919 973 988 in
995 919 1053 991 his
1073 920 1176 991 libris

141 1036 247 1107 veron
260 1035 384 1107 fiunt:
408 1037 456 1108 de
484 1037 703 1119 cerealibus,
726 1063 769 1110 ac
792 1039 988 1123 fructibus,
1013 1042 1061 1114 de
1078 1067 1177 1115 exer-

143 1153 372 1233 citationibus
398 1161 574 1256 corporis,
598 1161 645 1234 de
662 1164 777 1255 'variis
801 1165 1099 1237 exercitationum
1117 1192 1179 1261 ge·

126 1283 298 1366 <nerum
332 1283 380 1358 de
408 1287 700 1367 sanaescotione,
737 1285 784 1357 de
819 1289 1031 1383 clysteribus
1052 1289 1176 1386 dequo

80 1452 84 1499 ὲ
144 1393 224 1492 ipsis
246 1409 518 1482 medicamentis
544 1410 697 1480 internis
726 1433 769 1481 ac
790 1410 928 1481 ultimis
955 1412 1113 1509 denique
1134 1415 1177 1485 li·

80 1510 83 1559 ἶ
146 1515 363 1605 brioduobus
378 1533 426 1606 da
441 1556 480 1609 re
497 1536 712 1605 anatomica:
736 1557 890 1629 quorum
911 1559 1005 1630 quae
1023 1539 1070 1609 ad
1091 1562 1195 1608 anas·

148 1653 256 1729 tomen
279 1659 481 1752 pertinent,
513 1680 536 1726 a
552 1658 667 1740 auro,
693 1660 852 1739 Sonssm
879 1657 1027 1733 Gaesao
1045 1664 1172 1756 petiit,

149 1794 228 1870 quae
257 1762 519 1854 medicamenta
547 1793 730 1877 spectant,
770 1807 792 1854 e
824 1784 1175 1856 tirasonensem

151 1905 265 2001 scripta
282 1918 377 1977 suut.
407 1907 622 1978 Praesertim
644 1905 812 1976 medendi
833 1907 1059 1988 methodum,
1074 1899 1174 1978 indi.

142 2029 315 2102 'tatianum
347 2029 548 2101 doctrinam
575 2021 952 2123 atqueOrientalium
978 2030 1171 2125 hygieineu

144 2155 319 2251 esposuit·
362 2153 466 2226 Circa
506 2151 832 2229 venaesectionem*
851 2166 1043 2249 praecepta
1076 2157 1173 2228 ouo-

137 2276 285 2353 berrims
301 2277 452 2350 tradidit
466 2299 684 2373 quamquam
702 2289 864 2353 veterum
873 2279 920 2350 de
936 2279 1172 2375 qualitatibus

131 2401 409 2476 elementaribus
440 2401 582 2472 theoria
612 2400 791 2473 abductus
820 2401 925 2474 iuter«
949 2392 1169 2477 conuaindi·
1249 2472 1253 2477 .

129 2527 250 2600 euntia
270 2524 587 2598 venaesectionum
600 2548 786 2619 perperam
803 2527 986 2598 recensuit
1004 2525 1169 2622 hyemem

124 2665 165 2727 et
182 2653 368 2746 regionem
388 2648 567 2742 frigidam.

150 2805 153 2811 ·
173 2777 309 2871 Itaque
329 2773 535 2853 comoros,
560 2771 648 2844 licet
667 2771 745 2843 aliis
765 2770 893 2843 aetatis
909 2793 997 2842 suae
1016 2770 1167 2844 mediois

121 2898 415 2996 anteponendus,
441 2907 663 2977 veterumet
685 2893 825 2968 (istaut
849 2895 1058 2988 praesertim
1085 2894 1168 2967 imi·

119 3035 223 3100 tator
244 3021 384 3094 servilis
402 3000 493 3101 luis,
518 3043 616 3090 more
636 3020 764 3090 horuov.
789 3030 1008 3112 temporum,
1032 3018 1165 3113 quibus

120 3149 190 3246 qui
212 3144 468 3242 mysticismum
488 3145 668 3215 medicum
690 3166 764 3214 non
785 3142 937 3238 amplexi
959 3154 1044 3214 sunt
1057 3142 1167 3235 scrip·

121 3284 238 3355 tores,
277 3269 435 3370 extincto
455 3268 571 3338 libero
594 3267 796 3340 litterarum
821 3266 960 3348 studio,
988 3264 1164 3341 Gomara

117 3395 221 3475 orbis
232 3392 366 3465 medici
380 3391 563 3464 dominum
580 3382 714 3465 babere
731 3415 775 3462 ac
791 3390 911 3464 dicere
926 3390 1037 3487 inque
1052 3389 1163 3482 hujus

117 3520 235 3596 verba
256 3518 381 3611 jurare
402 3527 671 3588 consueverant.

171 3643 282 3738 Quod
300 3642 421 3713 seculo
439 3652 568 3737 quarto
584 3641 794 3723 OususssoS,
812 3620 851 3710 id
869 3637 989 3709 seculo
1000 3647 1100 3706 serto
1112 3633 1164 3707 ia-

113 3765 524 3840 oemimsituiulerros
547 3764 757 3846 Amideuus,
778 3764 978 3836 Onrssssuu
991 3760 1162 3833 imitatus.

113 3889 281 3966 Amidae
294 3891 332 3960 iu
344 3891 599 3985 Mesopotamia
619 3901 743 3970 natus,
765 3885 1005 3958 Alexandriae
1025 3885 1165 3984 littera·

114 4038 204 4090 sum
224 4016 354 4090 studiis
379 4038 523 4111 operam
544 4011 646 4086 dedit
670 4014 812 4109 luitque
834 4009 1007 4104 religione
1033 4009 1164 4109 verosi·
