2550 5040
355 389 446 449 srvs
466 387 698 446 rinnacmn
718 373 992 449 nnnrcrmias.
1146 376 1195 440 aa

186 565 295 637 Ante
321 564 408 634 alias
431 587 516 633 vcro
540 587 583 633 ea
599 566 717 656 operis
746 589 826 658 pars
848 565 959 635 laude
988 563 1097 655 digna
1124 560 1193 631 ha-

116 691 313 768 bebitur,
338 711 432 783 quae
456 686 575 757 febres
594 691 831 782 persequitur.
937 744 942 753 .
1175 779 1178 783 .

195 813 361 886 Febrem.
384 835 407 882 a
432 812 540 882 eorde
566 811 747 905 proficisci
773 814 975 891 existimat,
1011 809 1189 904 siquidem

113 940 263 1011 ,nativi
281 938 407 1009 caloris
424 947 480 1006 est
498 936 668 1013 mutatio,
694 936 759 1030 qui
776 937 813 1005 in
832 939 939 1008 eorde
954 937 1089 1007 existit.
1138 937 1192 1006 At
1234 976 1238 980 Α

119 1063 318 1154 quoniam
335 1060 458 1139 ,febris
487 1068 542 1130 est
565 1082 639 1129 non
666 1058 761 1128 solus
781 1040 944 1130 absolute
968 1061 1063 1130 calor
1081 1069 1192 1131 natu-

116 1188 207 1258 >rati
234 1187 455 1264 contrarius,
492 1181 554 1252 sed
576 1182 614 1250 in
645 1182 796 1252 materia
823 1184 977 1278 quadam
1005 1183 1188 1264 subsistit,

123 1313 296 1382 materia
317 1333 404 1381 vero
423 1307 550 1401 triplex
572 1329 701 1398 genere
728 1306 766 1375 in
789 1306 895 1377 nobis
913 1307 1088 1389 babetur,
1111 1331 1189 1390 nra·¹

127 1430 316 1505 nifastem
341 1444 413 1512 est,
448 1430 546 1524 quod
573 1429 682 1498 lebris
712 1453 856 1525 quoque
886 1432 925 1500 in
953 1429 1070 1502 tribus
1099 1454 1187 1502 con·
1266 1418 1268 1422 Α

133 1552 273 1629 sistere
290 1556 452 1626 materiis
469 1566 720 1646 cognoscetur:
748 1554 785 1623 in
803 1554 932 1648 spiritu
950 1579 1094 1650 nempe,
1119 1556 1188 1625 bu-

138 1681 321 1763 moribus,
347 1680 469 1751 solidis
490 1676 672 1773 partibus:
701 1676 828 1769 triplex
845 1677 930 1747 inde
950 1679 1111 1749 nascitur
1134 1676 1187 1748 se·

143 1790 221 1876 bris
238 1829 368 1900 genus:
391 1803 523 1884 diaria,
548 1800 900 1896 ,putrida,·beetica.
951 1802 1093 1872 Diariac
1117 1820 1186 1872 vas

155 1924 220 2000 rias
241 1931 395 2024 origines
418 1925 611 1998 indicavit:
638 1926 681 1996 in
695 1925 838 1995 hectico
859 1925 1095 1996 describenda
1111 1925 1188 1998 Ai-¹

77 2054 105 2133 ζ.
154 2068 229 2127 um
244 2056 406 2125 imitatus
425 2049 579 2121 videtur.
631 2049 819 2119 Tertianae
843 2072 964 2120 casum
986 2049 1184 2123 notabilem

158 2177 261 2251 refert
311 2177 358 2248 In
375 2175 559 2270 quartanis
576 2173 750 2243 vomitum
771 2173 952 2245 concitare
970 2163 1096 2268 jubet,
1121 2197 1184 2244 ac·

155 2304 301 2375 cessione
321 2300 539 2394 incipiente,
565 2322 637 2390 qno
658 2310 764 2389 pacto
794 2297 1012 2369 inveteratas
1037 2310 1183 2393 quarta·
1210 2371 1214 2374 ,

147 2449 207 2499 aas
223 2418 508 2504 se'discussisse,
535 2433 697 2494 testatur.
757 2423 803 2492 In
829 2446 965 2494 summa
991 2422 1181 2495 debilitate

139 2553 263 2626 ,sinum
289 2546 515 2620 Ascalonites
542 2556 605 2618 aut
631 2545 776 2619 Gazites
806 2547 981 2628 dilutum,
1008 2549 1180 2642 'exemplo

139 2675 282 2755 doctus,
302 2672 437 2744 laudat.
1002 2655 1005 2661 ¹
1202 2649 1205 2654 ’

186 2800 234 2870 In
252 2793 435 2876 omnibus,
460 2819 553 2890 quae
584 2795 744 2888 scripsit,
771 2794 1027 2888 experientiam
1044 2776 1177 2864 ducem

133 2921 319 3018 sequitur:
345 2941 439 3014 quae
460 2919 563 2990 nobis
589 2931 745 3012 tempus,
771 2921 906 3015 inquit,
931 2931 970 2990 et
992 2920 1097 3010 longa
1118 2903 1184 2989 ex?

134 3043 315 3141 perientia
345 3042 525 3113 noscenda
557 3042 711 3125 obtulit,
733 3043 824 3114 haec
855 3065 1010 3139 aequum
1035 3042 1177 3123 censui,

135 3167 262 3240 amicis
285 3178 322 3238 et
347 3166 513 3246 medicis,
535 3192 660 3238 canos
679 3168 964 3262 postulantibus,
986 3190 1176 3260 exponere,

130 3348 134 3353 .
185 3292 246 3364 Ab
263 3292 332 3363 bac
349 3291 459 3385 igitur
482 3303 582 3384 parte
609 3293 860 3385 empiricorum
882 3293 1049 3387 probasse
1073 3290 1176 3364 ride·

127 3429 198 3489 tur
217 3398 543 3496 rationem,⁴ctiam
563 3415 600 3484 in
623 3416 754 3498 nimia,
778 3441 887 3512 quam
905 3412 1176 3489 medicamentis

132 3536 265 3614 tribuit
284 3537 418 3611 fiducia
440 3538 608 3634 interque
627 3564 670 3610 ea
694 3542 832 3612 arcanis
850 3563 1012 3638 quoquc,
1036 3539 1175 3612 amule·

130 3660 238 3746 letis,
260 3661 526 3756 superstitiosis.
576 3665 723 3735 Scilicet
739 3666 791 3734 ita
811 3663 881 3735 lert
901 3675 1029 3735 nutura
1046 3661 1176 3732 huma-

122 3807 201 3865 ω,
235 3794 276 3856 ut
298 3786 363 3879 qui
384 3783 559 3859 Gauron
580 3806 785 3878 oppugnare
811 3810 919 3857 ausus
945 3787 1013 3868 sit,
1039 3785 1085 3861 ab
1109 3811 1176 3857 au·

125 3907 313 3987 ctoritatis
343 3907 494 4000 imperio
518 3906 634 3988 liber,
670 3911 925 4004 superstitione
953 3912 1173 4005 imperante,
