2566 5040
115 428 168 490 116
359 431 419 486 ua
452 428 688 488 Maurcrnl
724 421 929 489 Anauon.
983 498 993 503 ,

117 615 295 677 serentem
332 605 520 676 audientes
556 606 801 701 physiologum
827 605 1007 700 quendam
1039 630 1183 680 recen

114 733 244 801 tiorem
272 729 395 798 audire
417 728 519 798 nobis
539 730 751 820 videremur.
804 731 921 802 Etiam
940 753 1068 800 vanarn
1088 749 1183 801 ess*

112 856 213 950 illam
234 852 481 946 quaestionem
500 850 673 934 ostendit,
699 855 806 925 toties
822 866 902 946 post
914 853 1183 924 Annorum*

116 979 288 1070 agitatam
319 974 364 1046 de
391 987 491 1070 parte
522 948 687 1069 corpori(
701 981 910 1071 praecipua,
938 973 1012 1048 sive
1039 978 1158 1046 corde

117 1103 194 1172 sive
226 1098 389 1179 cerebro,
417 1099 491 1170 sive
516 1101 667 1195 hepate,
694 1104 844 1183 docens,
867 1103 1006 1171 nullum
1036 1127 1078 1169 ex
1103 1086 1183 1168 hi

119 1250 195 1298 esse
218 1225 416 1296 membrum
434 1225 650 1318 principale,
678 1229 739 1296 sed
761 1227 828 1296 bac
848 1226 914 1295 tria
933 1227 1067 1316 pariter
1088 1225 1183 1294 ess!

21 1327 24 1333 ⁵
119 1350 329 1444 praecipua,
355 1364 507 1441 quorum
527 1348 697 1444 quodque
715 1352 864 1420 aliorum
883 1349 1023 1441 indiget
1040 1371 1135 1440 opera

119 1498 192 1544 uno
213 1473 309 1542 enim
331 1471 488 1541 extincto
515 1473 615 1542 nasci
640 1474 916 1557 obscuritatem,
943 1483 986 1541 nt
1006 1470 1183 1540 nascitu!

121 1609 282 1668 cessante
316 1596 407 1675 sole,
441 1608 505 1665 aut
534 1596 720 1693 splendore
749 1584 921 1692 lampadis
949 1620 991 1665 ao
1017 1594 1093 1664 sine
1119 1595 1183 1662 tie

114 1739 190 1790 suec
204 1719 518 1790 membra'manere
534 1744 656 1812 posse,
669 1747 800 1817 neque
819 1725 930 1794 vitam
948 1721 986 1789 iu
1006 1740 1183 1812 corpore«

123 1845 206 1937 Ipse
233 1855 351 1940 tamen
381 1844 420 1911 in
450 1843 616 1947 aliisnec
638 1869 658 1914 a
681 1846 913 1927 credulitate,
940 1868 1007 1914 neo
1031 1867 1052 1912 a
1072 1867 1183 1913 com-⁶

122 1968 225 2041 muni
248 1968 502 2061 superstitione
521 1968 632 2050 liber,
654 1969 709 2039 uti
733 1993 830 2064 quae
846 1969 892 2040 de
919 1969 1100 2039 theriacae
1129 1976 1183 2036 et:

125 2091 298 2184 smaragdi
316 2094 403 2161 mira
424 2091 558 2162 virtute
569 2093 773 2187 praedicat,
794 2076 981 2165 testantur.
1007 2091 1183 2162 Eandems

123 2198 219 2284 'hanc
248 2192 499 2297 credulitatem
526 2214 564 2286 iri
588 2219 666 2288 viro
688 2218 822 2309 pariter
849 2242 976 2310 magno
1003 2215 1183 2286 Araxen·

6 2436 10 2441 ᾗ
125 2348 196 2410 'uno
226 2338 764 2422 Tralliano'animadrertimus,
790 2366 945 2437 quocum
979 2352 1183 2432 tantoperc=

128 2463 315 2543 convenit,
340 2475 384 2534 ut
415 2465 522 2534 bunc‘
545 2465 695 2533 alterum
725 2464 974 2537 Ariminum
1003 2463 1183 2534 dixerim..

175 2589 251 2659 Emi
270 2588 432 2677 Roscuu,
459 2587 646 2660 Cordubae
669 2599 776 2658 natus
795 2613 825 2658 a.
844 2586 955 2670 1149,
982 2588 1074 2658 obiit
1093 2587 1183 2657 lla-

5 2724 9 2760 ³
126 2737 232 2784 rocco
255 2710 357 2787 1217.
404 2713 508 2805 Legis
527 2724 565 2782 et
584 2712 765 2804 religionis
793 2712 912 2781 studio
944 2712 1102 2804 primum
1130 2730 1183 2778 se:

97 2838 290 2918 dedidit,
329 2835 392 2906 scd
432 2846 556 2929 postea
595 2835 796 2906 medicinae
832 2848 870 2906 et
904 2833 1183 2905 mathematicis

127 2960 327 3054 disciplinis
346 2958 503 3028 animum
523 2960 687 3052 adjunxit
707 2968 745 3029 et
765 2958 804 3027 in
822 2959 882 3028 illa
899 2969 1183 3051 praeceptorem:

83 3161 85 3166 ἢ
129 3085 260 3156 tribuit
275 3083 350 3153 Eur
366 3085 467 3152 Zona
481 3105 631 3176 eamque
647 3082 779 3152 deinde
795 3081 950 3152 feliciter
967 3082 1183 3152 exercuisse

130 3209 287 3282 ridetur.
318 3204 376 3278 Ob
396 3205 546 3275 liberam
570 3206 740 3277 derebus
760 3206 934 3298 religiosis
952 3218 991 3291 et
1011 3200 1175 3300 politicis

129 3329 310 3402 scribendi
335 3328 512 3399 rationem
532 3331 625 3400 male
643 3355 662 3398 a
681 3332 754 3401 suis
776 3330 921 3401 habitus
949 3343 1025 3411 est,
1050 3350 1183 3423 nequ·

132 3457 167 3528 ei
200 3453 640 3542 eertc,itaFauruu1uS,
675 3451 1060 3545 haeclausnegande
1094 3461 1148 3521 est

131 3579 230 3676 quod
249 3592 287 3649 et
307 3576 441 3669 ingenii
466 3580 630 3647 acumine
648 3590 685 3648 et
709 3578 948 3691 ratiocinandi
967 3575 1181 3646 subtilitat-

132 3703 350 3774 excelluerit
413 3685 467 3771 De
500 3725 606 3796 opere
644 3728 706 3773 suo
748 3702 839 3780 haec
876 3700 990 3772 refert
1019 3709 1143 3771 auctor

133 3826 305 3898 »Vocari
326 3849 456 3894 nomen
483 3827 591 3922 hujus
613 3828 696 3896 libri
725 3823 895 3921 Corniger,
922 3823 1120 3918 eoquod
1110 3844 1183 3890 rna

137 3950 216 4040 cepi
244 3951 281 4017 iu
302 3957 344 4017 c'o
373 3950 570 4022 doctrinam
593 3951 746 4022 arebus
775 3948 1037 4022 universalibus
1058 3959 1095 4016 et
1118 3936 1183 4011 ΒΞ

132 4069 203 4142 illis
220 4074 425 4165 procedam,
444 4099 516 4168 quo
533 4100 647 4174 usquc
667 4076 857 4149 deveniam
874 4074 919 4146 ad
938 4066 1183 4170 particulari-
