2566 5040
553 641 795 669 m

270 862 508 927 uaercma
540 824 895 931 aaaxsuname
924 862 1106 945 cenea,
1220 884 1225 893 ·

612 1017 649 1073 a,
674 1011 744 1075 eoo.

209 1286 447 1363 Alexandriae
473 1291 691 1387 percelebris
714 1288 786 1362 luit
813 1288 937 1362 schola
955 1283 1206 1376 medicorum,

159 1438 252 1516 quae
265 1414 390 1486 florult
403 1429 586 1488 anatomes
604 1416 781 1487 humanae
794 1414 926 1512 studio.
973 1417 1209 1490 llaaoaaraue

161 1550 199 1609 et
217 1539 501 1623 Easarsunarus,
526 1563 616 1636 quos
644 1538 933 1621 memoravimus,
959 1538 1209 1613 horum-ana·

160 1663 372 1733 tomieorum
387 1663 473 1757 jure
494 1664 624 1737 merito
642 1664 821 1759 principes
839 1661 1078 1743 celebrantur.
1117 1667 1209 1739 Ate-

160 1786 309 1858 xandria
346 1787 441 1858 enim
473 1788 687 1869 Ptolemaeis
716 1787 756 1857 iu
783 1786 936 1879 AEgypto
968 1789 1209 1882 regnantibut

161 1911 358 2008 praecipua
376 1911 608 1984 scientiarum
625 1911 751 1992 aedes,
773 1909 838 1980 ubi
858 1909 1102 1983 bibliothecae
1119 1936 1208 1983 eous
1268 1894 1271 1901 ¹

162 2035 261 2107 ditae
283 2035 445 2129 ingentes
469 2038 687 2121 etlllueeum
713 2036 861 2106 unicum
889 2058 955 2128 per
985 2047 1100 2106 totum
1131 2046 1210 2107 ter·

162 2181 282 2229 rarum
301 2157 422 2229 orbem
442 2159 649 2231 institutum
667 2158 884 2230 littera-rium
909 2154 985 2247 (Cf.
1010 2160 1139 2231 Harsa
1163 2161 1208 2232 da

164 2279 278 2355 Genio
304 2263 427 2353 Seeale'
448 2279 771 2378 Ptolemaeorum).

204 2404 455 2481 -Amsroaaaas
482 2406 578 2479 orbis
601 2406 736 2483 eruditi
754 2405 920 2478 dominas
944 2404 1057 2478 studii
1082 2407 1208 2500 cnjus·

164 2506 250 2603 dam
263 2530 509 2626 polyhistorici
521 2541 647 2603 auctor
657 2529 795 2614 luerat,
816 2530 915 2627 quod
926 2552 1008 2601 oum
1023 2506 1221 2611 caeterea?

167 2665 229 2728 tur
252 2654 388 2728 eruditi
405 2653 657 2736 Alexandrini,
683 2656 923 2752 polymathiae
944 2653 1101 2748 species,
1126 2652 1206 2724 aive

109 2868 112 2875 ¹
162 2781 328 2855 doctrina
351 2779 564 2850 universalis
587 2791 673 2851 nata
698 2793 771 2862 est,
794 2804 889 2876 quae
914 2802 988 2875 quo
1009 2777 1122 2848 latius
1138 2776 1209 2847 dei

163 2905 382 2984 minaretur,
408 2927 452 2974 eo
470 2904 552 2997 plue
569 2902 730 2975 habebat
745 2926 859 2975 venae
879 2899 1131 2976 ostentationis
1150 2899 1208 2970 iu-

162 3052 236 3124 que
258 3025 510 3099 vocabularem
537 3028 682 3100 tandem
713 3027 900 3101 seientiam
923 3036 1034 3122 atque
1056 3024 1209 3095 inanem

163 3150 256 3222 abiit
276 3149 483 3243 disputandi
511 3163 635 3224 artem.
666 3152 771 3223 Erat
797 3152 888 3222 haec
906 3160 1005 3233 aetas
1028 3147 1212 3221 eruditio·
1267 3160 1270 3167 '

75 3270 78 3277 ⁵
165 3275 244 3355 nie,
276 3297 371 3368 quae
399 3284 556 3345 aetatem
584 3282 752 3369 polieeoe,
776 3275 1023 3370 eloquentiae,
1048 3269 1214 3429 philoso-

10 3443 16 3456 -
68 3434 71 3443 ·
121 3411 123 3416 ·
161 3398 271 3497 phiae
288 3396 494 3469 florentium
513 3397 687 3493 sequitur.

212 3547 235 3594 a
251 3521 385 3595 lisdem
407 3523 626 3617 temporibus
650 3519 774 3612 (initio
796 3523 909 3595 saccali
932 3523 1031 3605 tertii
1052 3545 1083 3591 a.
1098 3519 1211 3616 Chr.)

166 3646 206 3728 in
242 3658 314 3720 tres
341 3657 463 3741 partes
492 3646 670 3719 medicina
700 3648 859 3720 deducta
883 3659 959 3718 eet:
982 3656 1026 3714 ut
1047 3667 1122 3715 una
1155 3672 1212 3717 ea·

167 3783 242 3862 set,
266 3795 359 3867 quae
389 3771 508 3851 victu,
534 3770 663 3853 altera,
685 3796 778 3868 quae
807 3770 1095 3852 medicamentis,
1128 3783 1213 3841 ter-

166 3898 237 3976 tia,
266 3919 359 3988 quae
380 3918 488 3965 manu
517 3894 732 3965 mederetur.
782 3897 938 3967 Primam
962 3895 1211 3978 diaeretieen,

170 4018 365 4100 secundam
407 4019 746 4113 pharmaceutieen,
797 4021 940 4094 tertiam
989 4016 1213 4113 chirurgiam
