2566 5040
422 362 897 471 annanannee.
1119 373 1179 438 res

159 638 161 643 ,
202 550 325 648 Atque
355 553 445 622 haee
482 553 610 625 brevis·
637 565 693 624 est
725 549 1033 625 commentationis
1060 549 1182 624 Hella-¹

137 677 260 746 rienee
293 677 429 748 relatio.
476 655 565 749 Rem
594 678 763 771 deinceps
788 678 929 771 plenius
964 687 1178 769 persecutus

136 811 194 870 est
220 801 258 868 in
289 794 408 872 Elem.
429 798 596 894 Ptyotot
621 802 660 872 Τ.
683 801 748 874 IV.
773 824 808 893 p.
835 797 907 870 440
931 823 1005 893 sqq.
1031 811 1070 870 et
1098 823 1180 893 pro·

134 923 253 1017 priam
277 924 434 1016 partium
452 924 536 995 sive
552 923 756 1018 specificam
775 922 1052 998 irritabilitetem
1074 924 1179 1007 inve·⁴
1213 911 1215 914 ’
1241 948 1244 952 “

134 1047 298 1139 stigando
320 1060 358 1120 et
383 1071 490 1119 exea
517 1056 878 1141 temperamentorum
905 1044 1176 1140 interpretando

94 1199 103 1270 J
132 1171 379 1243 diversitatem
411 1183 449 1242 et
482 1171 675 1268 indicando
718 1168 874 1262 denique
908 1168 1118 1243 irritationis
1151 1195 1175 1244 a

133 1295 224 1366 fibra
245 1296 289 1365 ad
309 1295 434 1365 fibram
452 1295 753 1387 progressionem,
780 1293 856 1387 sive
878 1317 1071 1364 nervorum
1090 1319 1174 1366 con-

133 1443 264 1500 sensu,'
284 1421 359 1490 sive
381 1419 580 1488 cellnlosae.
610 1395 744 1489 Nervos
768 1419 882 1500 enim,
908 1431 1090 1512 tamquam
1108 1417 1175 1488 etia

132 1543 264 1624 mulos,
290 1565 432 1611 earnem
462 1543 700 1613 musoniarem
726 1543 772 1638 ed
797 1543 977 1614 actionem
1002 1541 1172 1612 insitarez

131 1664 260 1735 horum
295 1690 380 1736 vero
406 1667 478 1736 vim
500 1689 522 1735 a
542 1665 580 1738 vi
597 1667 713 1739 insita
736 1666 979 1738 musculorum
1006 1662 1174 1757 religiose

130 1814 210 1861 esse
231 1790 529 1892 distinguendam.

80 1955 89 1972 ι
191 1915 260 1986 Res
288 1917 403 1984 nov'ee
436 1915 619 1985 inauditae
640 1913 836 2008 priscarum
861 1937 981 1985 rerum
1003 1912 1171 1999 amatori-j

128 2037 199 2109 bus
219 2039 355 2108 invisae
381 2063 458 2108 esse
471 2040 605 2111 solent.
655 2038 758 2110 Idem
777 2037 911 2109 accidit
934 2062 1049 2110 novae
1069 2039 1171 2111 Han-3

126 2180 212 2231 nem
232 2162 283 2249 de,
308 2160 549 2262 irritabilitate
570 2161 769 2233 doetrinae.
819 2162 891 2233 Sed
909 2172 1052 2255 praeter
1073 2174 1171 2243 eom-j

126 2307 272 2353 munem
301 2284 418 2367 illam,
445 2286 535 2356 aliae
569 2287 732 2380 propriae
755 2286 969 2358 exstiterunt
1001 2301 1171 2368 caussae,‘

122 2407 257 2503 quibus
281 2407 508 2492 factumest,
533 2422 576 2481 ut
599 2411 788 2481 Hrttnnns
808 2411 978 2504 plurimos
1002 2420 1040 2480 et
1066 2430 1167 2480 acres

123 2530 253 2600 nactus
277 2532 323 2601 sit
350 2533 580 2604 adversarios.
641 2536 776 2628 Nempe
804 2557 847 2603 ea
875 2532 922 2604 ab
949 2533 1168 2625 experimen-

110 2655 173 2743 ,tis
201 2653 352 2725 duxerat
386 2658 631 2739 consectaria,
668 2682 761 2754 quae
793 2679 876 2727 eum
909 2654 1168 2727 observationi·

121 2778 191 2849 hus
211 2781 379 2872 practicis
407 2804 636 2876 nequaquam
666 2781 868 2852 consentire
888 2778 1105 2853 videbantur
1128 2790 1167 2851 et

122 2903 327 2973 adootrina
346 2905 503 2987 medica,
530 2918 617 2984 tune
646 2907 815 3001 temporis
845 2915 1010 2997 accepta,
1036 2903 1165 2975 abhor-

119 3026 250 3131 rebant
279 3029 480 3122 plurimum.
531 3032 730 3103 Obstebent
759 3031 1007 3124 chirurgorum
1034 3028 1081 3099 de
1103 3052 1165 3122 pe·
1281 3094 1282 3097 ,

117 3151 236 3222 riculo
265 3176 286 3221 a
316 3153 525 3225 tendinibus
556 3156 753 3227 vulneratis
778 3155 976 3226 observata.
1031 3152 1163 3249 Obste·

118 3275 208 3346 bant
231 3274 415 3346 doetrinae
435 3252 631 3351 Paccmonr
651 3281 696 3351 de
717 3281 829 3350 durae
850 3280 973 3348 matris
993 3278 1033 3349 in
1058 3299 1162 3348 oeco-

118 3400 240 3468 nomia
274 3380 418 3468 anima-li
448 3402 624 3492 dignitate
657 3415 695 3474 et
721 3404 985 3475 Stahlianorum
1013 3401 1060 3472 de
1087 3401 1163 3476 arri-
1192 3488 1196 3493 η

112 3547 198 3594 mae
218 3506 404 3616 in'oorpns
422 3525 581 3618 imperio.
631 3529 807 3601 Obstabat
826 3526 1080 3596 irritabilitetis
1100 3520 1162 3599 ro-

114 3646 304 3728 eebulum,
334 3671 354 3716 a
384 3645 570 3724 Gnssosro
595 3653 732 3744 pridem
756 3650 980 3730 adhibitum,
1013 3673 1087 3720 non
1115 3649 1163 3720 ed
1196 3683 1206 3709 κ

116 3773 295 3863 propriam
322 3770 393 3858 rim
417 3776 678 3856 musculorum,
703 3776 766 3846 sed
785 3776 832 3845 ad
863 3776 973 3844 totius
1002 3773 1161 3868 eorporis

111 3895 228 3962 eitam
251 3895 530 3987 significandam.
580 3899 757 3970 Obstebat
779 3900 936 3993 denique
954 3900 1032 3992 ipsa
1059 3902 1160 3973 Har.-
1210 3962 1236 3988 „

113 4037 199 4093 tem
217 4018 254 4090 in
274 4042 380 4090 sensu
396 4023 558 4114 partibus
575 4022 666 4096 visis
685 4023 849 4120 negando
866 4024 1047 4100 severitas.
1072 4023 1160 4120 Qui÷
