2566 5040
374 448 377 454 .
481 328 809 422 sacrarat
1141 353 1168 423 a

116 526 380 636 expurgarent,
413 555 459 604 ac
484 537 570 609 rino
602 539 740 631 palmeo
769 534 1005 633 perluerunt,
1039 557 1163 611 rursus

118 659 292 731 odoribus
323 656 417 728 tritis
450 645 639 751 proluunt}
676 673 753 732 tum
781 660 902 733 aivum
943 661 1163 754 complentes

119 784 209 853 trita
234 779 375 875 myrrha
393 803 485 873 pura
507 795 547 855 ct
569 783 665 854 casia
688 796 727 857 ct
748 783 843 866 aliis,
878 796 1030 878 excepto
1043 785 1161 854 thure

109 903 292 977 ‚ndoribus
326 917 515 982 consuunt.
572 906 645 980 Ubi
674 908 767 978 haec
795 907 982 988 iecerunt,
1026 908 1161 978 saliunt

116 1029 215 1100 nitro
239 1026 401 1098 abditum
424 1031 649 1125 septuaginta
669 1031 766 1117 dies3
792 1054 874 1100 narn
893 1030 1036 1102 diutius
1053 1030 1159 1101 salire

116 1176 192 1224 non
205 1153 307 1223 licet.
353 1151 496 1224 Exactis
511 1157 738 1250 septuaginta
753 1153 897 1235 diebus,
924 1152 1077 1224 cadaver
1092 1152 1159 1224 ubi

116 1276 332 1358 abluerunt,
357 1275 503 1348 sudonis
531 1277 694 1372 byssinae
713 1276 832 1350 fasciis
860 1278 982 1349 incisis
1010 1277 1157 1350 univer·

115 1423 199 1479 sum
229 1400 311 1493 ejus
339 1423 468 1494 corpus
504 1403 710 1486 involvunt,
745 1403 880 1498 gummi
916 1399 1155 1473 sublinentes:

114 1548 192 1620 quo
232 1503 391 1618 AEgyptii
435 1524 584 1617 glutinis
619 1527 698 1598 loco
715 1511 718 1515 ⁷
736 1528 947 1621 plerumque
988 1536 1155 1596 utuntur.

115 1649 172 1721 Eo
191 1647 325 1719 deinde
342 1658 489 1741 recepto
508 1650 700 1744 propinqui
718 1650 877 1743 ligneum
899 1649 1054 1719 hominis
1079 1648 1155 1720 effi-

115 1774 174 1869 gie
202 1784 327 1868 typam
346 1769 502 1853 iaciunt,
527 1773 566 1842 in
584 1798 656 1868 que
678 1799 758 1845 mox
783 1774 947 1845 inserunt
973 1785 1155 1844 mortuum
1181 1855 1185 1863 ,

113 1897 368 1990 inclusumque
386 1894 438 1966 ita
453 1909 633 1991 reponunt
646 1898 686 1968 in
704 1897 866 1968 conclavi
879 1896 1006 1966 loculis
1023 1896 1154 1968 talibus

113 2006 258 2100 dicato,
284 2020 484 2090 statuentes
510 2031 651 2091 reatum
675 2022 721 2092 ad
742 2012 927 2116 parietem.
986 2020 1046 2091 Sic
1074 2021 1154 2117 qui·

109 2144 201 2218 dem
227 2141 532 2235 sumptuosissimo
559 2141 666 2214 modo
694 2156 821 2233 curant
848 2143 1034 2218 cadavera.
1081 2146 1152 2218 Eos

111 2279 239 2340 antem
278 2267 343 2363 qui
379 2263 574 2337 mediocria
605 2266 748 2351 volunt,
784 2268 936 2339 nimium
970 2268 1149 2362 fugientes
1223 2313 1226 2322 ν

106 2404 316 2486 sumptum,
350 2391 401 2463 ita
433 2387 624 2483 adpetant:
657 2403 741 2484 post
767 2392 935 2487 clysteres
966 2365 1148 2486 unguine,

105 2516 211 2614 qnod
234 2537 257 2586 e
279 2512 587 2609 cedro-gignitur,
612 2516 820 2608 completus,
845 2540 925 2587 mox
949 2518 1077 2587 eodem
1100 2519 1150 2588 al-

108 2663 200 2713 vum
226 2638 361 2709 mortni
392 2638 604 2732 implerunt,
631 2638 748 2732 ipsum
777 2662 897 2735 neque
927 2618 1151 2725 scindentes,
1210 2728 1213 2732 g

106 2788 232 2860 nsque
270 2764 434 2834 intranea
472 2760 718 2841 extrahentes.
762 2761 825 2832 sed
861 2787 926 2857 per
969 2737 1149 2836 secessum
1215 2742 1216 2746 Ἰ

107 2887 346 2962 infarcientes
370 2896 408 2956 et
432 2885 669 2980 impedientes
692 2886 909 2957 lavationem
935 2887 1060 2958 eadem
1088 2889 1150 2962 sia

107 3013 244 3094 relabi,
284 3009 475 3104 propositis
508 3010 639 3083 diebus
667 3011 859 3096 condiunt3
892 3036 1046 3106 quornm
1071 3013 1148 3085 die-

106 3162 191 3209 rum
229 3135 359 3239 ultima
396 3134 583 3205 cedrinum
616 3160 781 3229 unguen,
816 3135 916 3229 quod
956 3139 1055 3232 prius
1094 3139 1148 3210 in·

103 3269 312 3357 gesserant,
348 3283 391 3332 ex
416 3260 496 3330 alvo
524 3273 692 3354 egerunt:
726 3261 826 3354 quod
865 3272 1001 3332 tantam
1033 3263 1157 3335 habet'

105 3387 202 3468 vim,
234 3395 279 3455 ut
306 3407 380 3459 una
408 3407 531 3454 secum
555 3385 674 3457 alvum
698 3397 738 3458 et
760 3385 933 3457 intestina
963 3384 1145 3457 tabefacta

103 3509 254 3607 educat.
301 3506 442 3603 Nitrum
458 3517 581 3580 autem
600 3532 724 3580 carnes
744 3508 918 3581 tabefacit
939 3510 1145 3605 mortuique

102 3645 250 3705 tantum
263 3631 362 3704 cutis
386 3645 522 3704 sat-ossa
548 3631 814 3728 relinquuntur.
862 3632 934 3707 Ubi
957 3633 1027 3704 ista
1050 3633 1148 3706 fece·

100 3780 165 3838 re,
191 3757 245 3826 sic
267 3754 459 3858 reddidere
485 3767 686 3858 mortuum-¹
709 3756 803 3827 nihil
832 3758 982 3852 amplius
1008 3758 1146 3851 negotii
1274 3833 1277 3836 ⁴

98 3879 355 3975 suscipientes.
387 3859 514 3950 ‘Tertia
531 3879 721 3952 conditura
736 3881 828 3952 haec
846 3892 919 3965 est3
944 3904 1017 3979 qua
1040 3883 1146 3955 ador·

100 4015 240 4077 uantur
266 4003 419 4086 mortun
444 4003 509 4098 qui
533 4003 690 4078 tenuiori
711 4017 796 4079 sunt
824 4005 978 4080 fortuna.
1028 4005 1145 4082 Ablu-
1187 4006 1188 4010 ’
