2566 5040
292 400 451 462 cusam
471 397 692 463 unnrmutc
712 392 929 458 cotronae.
1080 380 1135 456 tra

19 580 22 585 ’
75 579 169 652 dam
195 577 446 651 Hltntuanms
466 571 653 670 Physica,
681 572 779 669 quod
796 573 942 668 plenum
963 570 1136 668 supersti-

78 702 198 777 tionis
221 726 332 796 opus,
356 700 395 769 in
419 723 492 792 quo
524 699 636 768 seculi
670 698 796 790 genius
823 709 862 766 et
892 697 990 768 ritae
1017 697 1135 769 eccle·

78 804 269 905 siasticae,
282 823 477 905 solitariae,
491 821 583 892 ratio
603 796 930 915 contemplationis,
947 843 1055 915 quam
1070 818 1137 890 ob·

82 949 302 1021 servationis
319 948 495 1017 amantior
515 945 824 1016 animadrertitur.
863 944 1059 1038 Postquam
1076 966 1137 1015 ve·

81 1098 122 1145 ro
151 1077 190 1145 S.
212 1073 435 1146 Baunnzcrns
457 1070 681 1141 celeberrimi
701 1069 900 1141 Casinensis
928 1067 1139 1139 monasterii

84 1194 255 1269 conditor
280 1194 486 1278 exstiterat,
512 1194 710 1288 ordineque
736 1168 1015 1264 Benediclorum
1032 1189 1139 1261 insti·

86 1329 192 1400 tuto,
217 1317 494 1401 monachorum,
519 1318 584 1414 qui
614 1317 653 1385 in
677 1317 851 1387 societate
881 1315 1138 1388 coenobiorum

88 1444 288 1525 vivebant,
307 1454 417 1536 -pater
437 1465 502 1536 per
521 1440 747 1511 occidentem
767 1454 808 1512 et
824 1443 999 1512 orientem
1021 1438 1140 1510 lactus

90 1565 233 1651 luerat,
265 1566 448 1637 medicina
473 1586 554 1635 mox
585 1565 631 1634 ad
653 1567 846 1637 monachos
873 1563 1027 1640 transiit.
1075 1561 1137 1633 Ni·

89 1691 222 1766 mirum
242 1694 281 1762 in
300 1691 371 1761 hoo
384 1688 611 1760 ¹monasterio
631 1714 704 1761 non
722 1691 846 1785 procul
866 1716 887 1760 a
913 1686 1137 1761 Salernitana

89 1814 184 1889 urbe
202 1821 286 1896 sito,
306 1813 405 1910 quod
429 1836 460 1882 a.
475 1811 557 1884 528.
585 1817 809 1906 posueratis}
830 1813 1027 1885 editissimo
1042 1832 1141 1882 mon·
1235 1845 1242 1855 ·

91 1946 123 2006 te
152 1946 189 2015 S.
214 1929 454 2018 Benedictus,
483 1937 618 2007 ordinis
650 1940 703 2009 sui
729 1951 838 2032 capu-t
872 1950 909 2009 et
937 1935 1040 2034 quasi
1065 1956 1139 2005 em·
1224 1970 1227 1976 ·

89 2069 235 2165 parium
263 2066 451 2142 futurum,
487 2062 563 2154 ipse
589 2061 699 2154 hujus
722 2063 882 2158 regulam
909 2058 1139 2154 conscripsit,

88 2186 171 2275 (lua
192 2191 230 2260 in
261 2188 332 2258 hoc
353 2187 572 2257 monasterio
605 2188 723 2258 rivere
748 2188 935 2282 cupientes
958 2183 1142 2279 jubeban-

86 2306 174 2395 tur,
198 2322 241 2383 ut
260 2312 462 2381 litterarum
483 2311 611 2380 studiis
638 2335 781 2405 operam
805 2312 933 2382 darent
956 2322 993 2380 et
1010 2310 1049 2379 in
1066 2331 1140 2379 om·

82 2427 201 2508 nibus
230 2433 422 2530 praeclaris
452 2434 651 2528 disciplinis
677 2436 722 2505 ad
752 2448 884 2507 statum
903 2418 1141 2506 monasticum

81 2559 382 2639 pertinentibus,
403 2558 643 2650 'amplissima'
664 2561 830 2630 mercede
871 2560 1058 2630 conductis
1095 2555 1143 2629 ad

77 2665 170 2754 ¹¹00
190 2684 405 2755 doctissimis
424 2695 461 2752 et
478 2684 790 2776 praestantissimis
814 2683 1017 2778 'quibusque
1037 2681 1142 2763 viris,

74 2814 180 2878 lllos
199 2832 322 2880 omnes
345 2806 490 2878 erudire
512 2820 549 2877 et
571 2809 760 2882 nobilitare
787 2810 984 2880 studerent.

134 2928 274 3028 Itaque
294 2924 550 3002 monasterium
567 2914 655 3003 illud
676 2935 867 3004 Gasinense
891 2939 1071 3024 tamquam
1087 2952 1142 3001 se·

68 3048 287 3127 usuarium
313 3034 448 3126 artium·
474 3057 776 3154 scientiarumque
810 3056 1043 3152 spectandum
1066 3064 1142 3136 est,

69 3161 117 3238 5¹1
158 3195 226 3274 quo
254 3204 328 3251 non
353 3191 493 3250 tantum
519 3180 730 3252 scholastico
762 3183 969 3276 theologia,
997 3188 1142 3253 verum-

69 3290 401 3374 'etiam'madicina
421 3306 562 3378 exculta
584 3306 693 3377 luisse
714 3307 869 3378 videtur.
897 3307 1020 3378 ··Hanc
1039 3301 1139 3400 quod

71 3418 245 3509 stimet,
269 3431 466 3523 permultos
489 3431 696 3501 monasterii
722 3430 921 3502 Casinensis
946 3427 1138 3500 monachos
1173 3487 1174 3491 ,

71 3552 176 3619 0811]
199 3553 369 3634 coluisse,
404 3555 518 3624 allatis
553 3555 723 3624 historiae
748 3557 976 3634 testimoniis,
1012 3550 1141 3648 ploba·

72 3659 151 3734 lit
166 3675 451 3759 Acncamsscs,
476 3679 516 3746 in
536 3677 669 3771 qnib'us
694 3679 953 3749 celeberrimus
968 3678 1141 3750 Consult-

71 3792 197 3911 ''Jhtts
218 3802 411 3873 Africanus
437 3800 589 3890 (Seculo
609 3803 695 3897 lll.)
720 3805 784 3899 qni
802 3816 988 3898 peragrata
1014 3802 1142 3874 Orien·

67 3904 132 4033 ἷξε
166 3925 335 3997 cultioris
360 3937 462 4020 parte
488 3925 663 4020 plurima,
689 3930 726 3997 in
751 3929 941 4009 Casinense
962 3930 1142 4000 monaste·

62 4036 193 4137 ”um
218 4074 254 4123 se
274 4053 413 4146 recepit
431 4050 615 4147 multaque
633 4052 749 4126 edidit
768 4054 813 4125 de
833 4078 872 4125 re
894 4052 1035 4126 medica
1059 4051 1145 4124 stri·
