2566 5040
373 384 576 448 GEORGI-US
595 382 797 444 ERNESTUS
816 383 949 442 suffit..
1126 379 1187 442 229

139 563 226 658 quia
257 575 321 656 per
350 575 433 654 apta
466 561 704 631 instrumenta
733 582 813 630 eum
846 557 964 629 animo
991 553 1184 640 cohaeret,

138 708 222 754 non·
237 709 339 778 posse
370 709 442 754 non
477 684 614 778 percipi
631 685 691 754 'ab
720 684 856 764 animo,
890 691 978 752 utut
1009 680 1180 755 confusae

137 789 225 878 sunt
252 810 320 879 hae
350 809 616 912 perceptiones,
641 806 832 902 nequead
860 803 1041 898 cogitandi
1066 802 1182 876 laeul⁴
1211 818 1215 825 '

136 943 249 1001 tatem
267 933 356 1026 quid
375 935 549 1015 attinent:
577 955 653 1027 esse
673 914 853 1002 autemin
873 953 1019 1022 corpore
1037 941 1208 1022 praeter·

136 1065 275 1126 tactum
306 1057 530 1150 organicum,
563 1079 628 1149 per
659 1079 781 1126 omnes
807 1052 887 1147 ejus
914 1075 1043 1122 nervos
1067 1054 1179 1125 alium

135 1186 301 1261 sensum,'
320 1181 458 1251 seilicet
474 1191 616 1274 gustum
633 1179 813 1273 quendam
830 1176 1051 1270 organicum,
1077 1177 1178 1252 unde

136 1304 357 1375 sensationes
375 1307 534 1398 ingratae
560 1304 744 1374 molestiae
764 1315 802 1372 et
824 1298 1082 1394 aegritudinis,
1112 1324 1178 1372 an·

127 1435 174 1495 te
205 1424 341 1496 labrem
365 1429 610 1522 ingruentem,
644 1427 683 1495 in
704 1426 867 1518 passione
891 1421 1178 1520 hypouhondria-

135 1570 179 1619 ea
203 1550 375 1644 aliisque,
399 1565 443 1622 ut
467 1560 655 1646 eapropter
682 1549 883 1622 verosimile
906 1549 973 1630 sit,
1006 1547 1178 1642 quemad·

133 1672 281 1786 modum
313 1677 352 1745 in
382 1700 528 1770 corpore
560 1675 728 1784 universo
756 1673 929 1743 obscurus
952 1682 1179 1756 est-tactus,⁴

123 1796 186 1866 -sio
207 1798 340 1890 pariter
359 1800 550 1882 obseurum
581 1821 657 1892 esse
682 1808 837 1890 gustum.
885 1797 990 1866 Hane
1011 1796 1177 1868 ultimam
1237 1838 1239 1843 ·

131 1920 219 1994 Est·
239 1914 421 1994 Petuntur
439 1922 685 2017 hypothesin,
711 1943 820 2015 quam
846 1918 1110 2012 amplificarunt
1136 1929 1176 1991 et

130 2055 306 2115 ornarunt
330 2047 500 2140 deinceps
520 2048 647 2116 doetus
672 2044 828 2116 febrium
853 2042 1175 2118 intermittentium

128 2169 306 2262 interpres
326 2195 358 2240 v.
383 2172 507 2241 Hovuu
530 2183 569 2240 at
589 2169 816 2265 physiologus
839 2194 881 2239 ao
903 2174 1013 2264 poeta
1033 2165 1174 2260 Anglus

129 2292 265 2366 Earsos.
288 2294 460 2374 Danwrrr,
481 2292 682 2363 loculenter
706 2293 896 2364 ostendere
926 2290 1089 2363 existimo
1107 2289 1177 2368 do-¹

129 2419 266 2488 otrinae
288 2419 493 2488 Stahlianae
518 2420 600 2496 oum
625 2439 819 2488 nervorum
849 2413 1070 2512 physiologia
1090 2435 1174 2510 ‹tog-v

123 2541 330 2624 uationem,
359 2566 512 2637 eumque
534 2564 577 2610 ea
592 2541 801 2633 praesertim
820 2540 918 2610 illius
936 2553 1052 2633 parte,
1076 2563 1171 2634 quae

127 2688 270 2735 sensum
290 2667 496 2760 organicum
520 2665 696 2758 nervique
717 2663 929 2760 sympathioi
948 2666 1069 2758 magni
1090 2690 1170 2740 mu-

127 2811 216 2862 nera
239 2795 379 2863 attinet.
1123 2786 1127 2793 ’

525 2996 754 3087 *ζμ-

407 3256 524 3325 tna.
561 3275 592 3320 v.
627 3204 882 3331 ututur.
938 3204 940 3211 ¹

517 3419 554 3478 s.
576 3413 771 3478 tros-1777.

111 3705 117 3715 v
171 3665 325 3738 Theoria
345 3665 485 3737 medies
499 3667 707 3741 versabatur
726 3654 951 3764 potissimum
975 3670 1069 3740 eirca
1090 3693 1163 3740 rno-

111 3800 201 3859 tum
220 3791 419 3883 sanguinis,
439 3814 556 3884 ¹quern
574 3795 762 3867 invenerat
778 3807 888 3889 atque
906 3817 949 3863 ex
964 3793 1080 3864 cordis
1099 3817 1164 3865 va-

119 3937 313 4009 sorumque
344 3915 585 3985 nreehanismo
621 3919 928 4018 demonstraverat
955 3918 1163 3990 Htttvttttts.

110 4038 339 4111 ·1nuahunc
359 4040 593 4114 substiterant
612 4042 696 4117 lere.
712 4022 966 4116 Bounussv'tus
989 4053 1027 4112 et
1050 4043 1164 4135 llorvg
