<?xml version="1.0" encoding="UTF-8"?>
<!DOCTYPE html PUBLIC "-//W3C//DTD XHTML 1.0 Transitional//EN"
    "http://www.w3.org/TR/xhtml1/DTD/xhtml1-transitional.dtd">
<html xmlns="http://www.w3.org/1999/xhtml" xml:lang="en" lang="en">
 <head>
  <title>
</title>
<meta http-equiv="Content-Type" content="text/html;charset=utf-8" />
  <meta name='ocr-system' content='tesseract 3.04.00' />
  <meta name='ocr-capabilities' content='ocr_page ocr_carea ocr_par ocr_line ocrx_word'/>
</head>
<body>
  <div class='ocr_page' id='page_1' title='image "./dehistoriamedic00hoevgoog_0113.png"; bbox 0 0 2550 5040; ppageno 0'>
   <div class='ocr_carea' id='block_1_1' title="bbox 110 172 1099 278">
    <p class='ocr_par' dir='ltr' id='par_1_1' title="bbox 110 172 1099 278">
     <span class='ocr_line' id='line_1_1' title="bbox 110 172 1099 278; baseline -0.001 -11"><span class='ocrx_word' id='word_1_1' title='bbox 110 202 148 267; x_wconf 76' lang='lat' dir='ltr'><strong>ao</strong></span> <span class='ocrx_word' id='word_1_2' title='bbox 185 172 334 267; x_wconf 71' lang='lat' dir='ltr'><strong>ituros</strong></span> <span class='ocrx_word' id='word_1_3' title='bbox 354 190 571 278; x_wconf 73' lang='lat' dir='ltr'><strong>tuoruum,</strong></span> <span class='ocrx_word' id='word_1_4' title='bbox 595 206 750 264; x_wconf 74' lang='lat' dir='ltr'><strong>scurrus</strong></span> <span class='ocrx_word' id='word_1_5' title='bbox 771 206 894 267; x_wconf 73' lang='lat' dir='ltr'><strong>rursu</strong></span> <span class='ocrx_word' id='word_1_6' title='bbox 913 207 1099 271; x_wconf 73' lang='lat' dir='ltr'><strong>vernum</strong></span> 
     </span>
    </p>
   </div>
   <div class='ocr_carea' id='block_1_2' title="bbox 24 376 1164 3954">
    <p class='ocr_par' dir='ltr' id='par_1_2' title="bbox 98 376 1163 1348">
     <span class='ocr_line' id='line_1_2' title="bbox 110 376 1162 481; baseline 0.003 -27"><span class='ocrx_word' id='word_1_7' title='bbox 110 376 278 467; x_wconf 74' lang='lat' dir='ltr'><strong>nutricis,</strong></span> <span class='ocrx_word' id='word_1_8' title='bbox 305 385 350 455; x_wconf 92' lang='lat' dir='ltr'><strong>de</strong></span> <span class='ocrx_word' id='word_1_9' title='bbox 367 383 564 464; x_wconf 78' lang='lat' dir='ltr'><strong>infantum,</strong></span> <span class='ocrx_word' id='word_1_10' title='bbox 588 407 784 477; x_wconf 90' lang='lat' dir='ltr'><strong>puerorum</strong></span> <span class='ocrx_word' id='word_1_11' title='bbox 800 384 933 455; x_wconf 83' lang='lat' dir='ltr'><strong>morbis</strong></span> <span class='ocrx_word' id='word_1_12' title='bbox 952 388 1162 481; x_wconf 78' lang='lat' dir='ltr'><strong>auxiliaque</strong></span> 
     </span>
     <span class='ocr_line' id='line_1_3' title="bbox 111 508 1163 604; baseline 0.001 -25"><span class='ocrx_word' id='word_1_13' title='bbox 111 508 159 580; x_wconf 90' lang='lat' dir='ltr'><strong>ad</strong></span> <span class='ocrx_word' id='word_1_14' title='bbox 180 510 300 581; x_wconf 82' lang='lat' dir='ltr'><strong>rictus</strong></span> <span class='ocrx_word' id='word_1_15' title='bbox 317 512 467 580; x_wconf 81' lang='lat' dir='ltr'><strong>maxime</strong></span> <span class='ocrx_word' id='word_1_16' title='bbox 486 511 661 578; x_wconf 88' lang='lat' dir='ltr'><strong>rationem</strong></span> <span class='ocrx_word' id='word_1_17' title='bbox 679 511 899 604; x_wconf 84' lang='lat' dir='ltr'><strong>pertinentia</strong></span> <span class='ocrx_word' id='word_1_18' title='bbox 906 539 917 593; x_wconf 91' lang='lat'>;</span> <span class='ocrx_word' id='word_1_19' title='bbox 944 522 1021 581; x_wconf 89' lang='lat' dir='ltr'><strong>tum</strong></span> <span class='ocrx_word' id='word_1_20' title='bbox 1039 510 1088 580; x_wconf 89' lang='lat' dir='ltr'><strong>de</strong></span> <span class='ocrx_word' id='word_1_21' title='bbox 1108 508 1163 581; x_wconf 86' lang='lat' dir='ltr'><strong>le-</strong></span> 
     </span>
     <span class='ocr_line' id='line_1_4' title="bbox 110 632 1162 728; baseline 0 -24"><span class='ocrx_word' id='word_1_22' title='bbox 110 633 259 716; x_wconf 87' lang='lat' dir='ltr'><strong>hribrrs,</strong></span> <span class='ocrx_word' id='word_1_23' title='bbox 291 657 396 728; x_wconf 90' lang='lat' dir='ltr'><strong>porro</strong></span> <span class='ocrx_word' id='word_1_24' title='bbox 432 633 477 703; x_wconf 90' lang='lat' dir='ltr'><strong>de</strong></span> <span class='ocrx_word' id='word_1_25' title='bbox 514 632 646 704; x_wconf 81' lang='lat' dir='ltr'><strong>morbis</strong></span> <span class='ocrx_word' id='word_1_26' title='bbox 674 633 822 726; x_wconf 88' lang='lat' dir='ltr'><strong>singulis</strong></span> <span class='ocrx_word' id='word_1_27' title='bbox 858 637 1006 728; x_wconf 83' lang='lat' dir='ltr'><strong>exponit</strong></span> <span class='ocrx_word' id='word_1_28' title='bbox 1032 635 1162 728; x_wconf 87' lang='lat' dir='ltr'><strong>deque</strong></span> 
     </span>
     <span class='ocr_line' id='line_1_5' title="bbox 109 758 1161 852; baseline -0.002 -22"><span class='ocrx_word' id='word_1_29' title='bbox 109 758 244 830; x_wconf 88' lang='lat' dir='ltr'><strong>morbis</strong></span> <span class='ocrx_word' id='word_1_30' title='bbox 256 761 440 838; x_wconf 81' lang='lat' dir='ltr'><strong>externis,</strong></span> <span class='ocrx_word' id='word_1_31' title='bbox 466 758 512 828; x_wconf 91' lang='lat' dir='ltr'><strong>de</strong></span> <span class='ocrx_word' id='word_1_32' title='bbox 535 759 702 838; x_wconf 87' lang='lat' dir='ltr'><strong>venenis,</strong></span> <span class='ocrx_word' id='word_1_33' title='bbox 725 758 771 828; x_wconf 90' lang='lat' dir='ltr'><strong>de</strong></span> <span class='ocrx_word' id='word_1_34' title='bbox 795 758 1008 849; x_wconf 84' lang='lat' dir='ltr'><strong>chirurgicis</strong></span> <span class='ocrx_word' id='word_1_35' title='bbox 1027 782 1161 852; x_wconf 88' lang='lat' dir='ltr'><strong>opera-</strong></span> 
     </span>
     <span class='ocr_line' id='line_1_6' title="bbox 108 881 1159 975; baseline 0 -22"><span class='ocrx_word' id='word_1_36' title='bbox 108 882 293 964; x_wconf 86' lang='lat' dir='ltr'><strong>tionibus,</strong></span> <span class='ocrx_word' id='word_1_37' title='bbox 325 881 481 975; x_wconf 89' lang='lat' dir='ltr'><strong>denique</strong></span> <span class='ocrx_word' id='word_1_38' title='bbox 505 883 551 952; x_wconf 91' lang='lat' dir='ltr'><strong>de</strong></span> <span class='ocrx_word' id='word_1_39' title='bbox 574 884 726 953; x_wconf 81' lang='lat' dir='ltr'><strong>materia</strong></span> <span class='ocrx_word' id='word_1_40' title='bbox 751 882 909 953; x_wconf 84' lang='lat' dir='ltr'><strong>medica:</strong></span> <span class='ocrx_word' id='word_1_41' title='bbox 940 895 983 953; x_wconf 89' lang='lat' dir='ltr'><strong>ut</strong></span> <span class='ocrx_word' id='word_1_42' title='bbox 1009 881 1050 952; x_wconf 92' lang='lat' dir='ltr'><strong>in</strong></span> <span class='ocrx_word' id='word_1_43' title='bbox 1082 882 1159 953; x_wconf 89' lang='lat' dir='ltr'><strong>hoc</strong></span> 
     </span>
     <span class='ocr_line' id='line_1_7' title="bbox 98 982 1161 1109; baseline -0.002 -31"><span class='ocrx_word' id='word_1_44' title='bbox 98 982 220 1109; x_wconf 71' lang='lat' dir='ltr'><strong>¹etiam</strong></span> <span class='ocrx_word' id='word_1_45' title='bbox 236 1018 382 1077; x_wconf 83' lang='lat' dir='ltr'><strong>auctore</strong></span> <span class='ocrx_word' id='word_1_46' title='bbox 397 1006 585 1101; x_wconf 80' lang='lat' dir='ltr'><strong>adpareat,</strong></span> <span class='ocrx_word' id='word_1_47' title='bbox 611 1009 805 1100; x_wconf 83' lang='lat' dir='ltr'><strong>practicam</strong></span> <span class='ocrx_word' id='word_1_48' title='bbox 821 1006 1036 1098; x_wconf 82' lang='lat' dir='ltr'><strong>medicinam</strong></span> <span class='ocrx_word' id='word_1_49' title='bbox 1045 1028 1161 1098; x_wconf 86' lang='lat' dir='ltr'><strong>prae·</strong></span> 
     </span>
     <span class='ocr_line' id='line_1_8' title="bbox 108 1126 1159 1225; baseline 0 -25"><span class='ocrx_word' id='word_1_50' title='bbox 108 1128 231 1200; x_wconf 85' lang='lat' dir='ltr'><strong>sertim</strong></span> <span class='ocrx_word' id='word_1_51' title='bbox 257 1126 332 1199; x_wconf 85' lang='lat' dir='ltr'><strong>hoo</strong></span> <span class='ocrx_word' id='word_1_52' title='bbox 358 1142 516 1225; x_wconf 91' lang='lat' dir='ltr'><strong>tempore</strong></span> <span class='ocrx_word' id='word_1_53' title='bbox 539 1131 716 1200; x_wconf 79' lang='lat' dir='ltr'><strong>excultam</strong></span> <span class='ocrx_word' id='word_1_54' title='bbox 746 1154 899 1225; x_wconf 84' lang='lat' dir='ltr'><strong>cumque</strong></span> <span class='ocrx_word' id='word_1_55' title='bbox 930 1152 974 1199; x_wconf 90' lang='lat' dir='ltr'><strong>ea</strong></span> <span class='ocrx_word' id='word_1_56' title='bbox 1002 1130 1159 1223; x_wconf 75' lang='lat' dir='ltr'><strong>conjun-</strong></span> 
     </span>
     <span class='ocr_line' id='line_1_9' title="bbox 108 1244 811 1348; baseline 0.001 -23"><span class='ocrx_word' id='word_1_57' title='bbox 108 1263 204 1325; x_wconf 82' lang='lat' dir='ltr'><strong>ctam</strong></span> <span class='ocrx_word' id='word_1_58' title='bbox 222 1251 333 1324; x_wconf 83' lang='lat' dir='ltr'><strong>luisse</strong></span> <span class='ocrx_word' id='word_1_59' title='bbox 353 1244 590 1324; x_wconf 87' lang='lat' dir='ltr'><strong>Orientalium</strong></span> <span class='ocrx_word' id='word_1_60' title='bbox 609 1255 811 1348; x_wconf 68' lang='lat' dir='ltr'><strong>hygiciueu·</strong></span> 
     </span>
    </p>

    <p class='ocr_par' dir='ltr' id='par_1_3' title="bbox 106 1377 1160 1720">
     <span class='ocr_line' id='line_1_10' title="bbox 156 1377 1158 1473; baseline 0 -22"><span class='ocrx_word' id='word_1_61' title='bbox 156 1379 329 1451; x_wconf 88' lang='lat' dir='ltr'><strong>Amorem</strong></span> <span class='ocrx_word' id='word_1_62' title='bbox 347 1378 474 1472; x_wconf 88' lang='lat' dir='ltr'><strong>eapitis</strong></span> <span class='ocrx_word' id='word_1_63' title='bbox 485 1377 676 1448; x_wconf 82' lang='lat' dir='ltr'><strong>affectibus</strong></span> <span class='ocrx_word' id='word_1_64' title='bbox 688 1389 900 1448; x_wconf 81' lang='lat' dir='ltr'><strong>annumerat</strong></span> <span class='ocrx_word' id='word_1_65' title='bbox 916 1390 954 1450; x_wconf 86' lang='lat' dir='ltr'><strong>et</strong></span> <span class='ocrx_word' id='word_1_66' title='bbox 967 1379 1158 1473; x_wconf 86' lang='lat' dir='ltr'><strong>peculiare</strong></span> 
     </span>
     <span class='ocr_line' id='line_1_11' title="bbox 108 1486 1156 1600; baseline -0.004 -23"><span class='ocrx_word' id='word_1_67' title='bbox 108 1516 218 1600; x_wconf 89' lang='lat' dir='ltr'><strong>caput</strong></span> <span class='ocrx_word' id='word_1_68' title='bbox 236 1502 438 1574; x_wconf 86' lang='lat' dir='ltr'><strong>amantibus</strong></span> <span class='ocrx_word' id='word_1_69' title='bbox 456 1500 592 1572; x_wconf 85' lang='lat' dir='ltr'><strong>dicarit</strong></span> <span class='ocrx_word' id='word_1_70' title='bbox 604 1502 642 1570; x_wconf 91' lang='lat' dir='ltr'><strong>iu</strong></span> <span class='ocrx_word' id='word_1_71' title='bbox 654 1503 698 1571; x_wconf 85' lang='lat' dir='ltr'><strong>iis</strong></span> <span class='ocrx_word' id='word_1_72' title='bbox 712 1502 879 1571; x_wconf 89' lang='lat' dir='ltr'><strong>curandis</strong></span> <span class='ocrx_word' id='word_1_73' title='bbox 889 1486 1156 1574; x_wconf 75' lang='lat' dir='ltr'><strong>unirerce&#39;idu·</strong></span> 
     </span>
     <span class='ocr_line' id='line_1_12' title="bbox 106 1626 1160 1720; baseline -0.004 -20"><span class='ocrx_word' id='word_1_74' title='bbox 106 1628 197 1700; x_wconf 83' lang='lat' dir='ltr'><strong>dans</strong></span> <span class='ocrx_word' id='word_1_75' title='bbox 207 1627 342 1698; x_wconf 90' lang='lat' dir='ltr'><strong>mentis</strong></span> <span class='ocrx_word' id='word_1_76' title='bbox 362 1626 619 1697; x_wconf 86' lang='lat' dir='ltr'><strong>diversionem:</strong></span> <span class='ocrx_word' id='word_1_77' title='bbox 646 1626 929 1720; x_wconf 82' lang='lat' dir='ltr'><strong>compotatione,</strong></span> <span class='ocrx_word' id='word_1_78' title='bbox 955 1637 1078 1707; x_wconf 90' lang='lat' dir='ltr'><strong>motu,</strong></span> <span class='ocrx_word' id='word_1_79' title='bbox 1098 1626 1160 1696; x_wconf 77' lang='lat' dir='ltr'><strong>lu¹··&#39;</strong></span> 
     </span>
    </p>

    <p class='ocr_par' dir='ltr' id='par_1_4' title="bbox 24 1748 1157 2466">
     <span class='ocr_line' id='line_1_13' title="bbox 85 1748 1154 1843; baseline -0.003 -20"><span class='ocrx_word' id='word_1_80' title='bbox 85 1752 182 1835; x_wconf 85' lang='lat' dir='ltr'><strong>·dis,</strong></span> <span class='ocrx_word' id='word_1_81' title='bbox 217 1751 360 1822; x_wconf 81' lang='lat' dir='ltr'><strong>sabulis.</strong></span> <span class='ocrx_word' id='word_1_82' title='bbox 410 1750 482 1842; x_wconf 87' lang='lat' dir='ltr'><strong>Qui</strong></span> <span class='ocrx_word' id='word_1_83' title='bbox 513 1751 625 1820; x_wconf 88' lang='lat' dir='ltr'><strong>amori</strong></span> <span class='ocrx_word' id='word_1_84' title='bbox 651 1773 788 1843; x_wconf 88' lang='lat' dir='ltr'><strong>semper</strong></span> <span class='ocrx_word' id='word_1_85' title='bbox 821 1750 1027 1843; x_wconf 85' lang='lat' dir='ltr'><strong>indulgent,</strong></span> <span class='ocrx_word' id='word_1_86' title='bbox 1054 1748 1154 1820; x_wconf 86' lang='lat' dir='ltr'><strong>diffi-</strong></span> 
     </span>
     <span class='ocr_line' id='line_1_14' title="bbox 105 1872 1151 1955; baseline -0.001 -10"><span class='ocrx_word' id='word_1_87' title='bbox 105 1876 224 1947; x_wconf 86' lang='lat' dir='ltr'><strong>culter</strong></span> <span class='ocrx_word' id='word_1_88' title='bbox 251 1873 385 1944; x_wconf 86' lang='lat' dir='ltr'><strong>sanari:</strong></span> <span class='ocrx_word' id='word_1_89' title='bbox 420 1872 507 1943; x_wconf 88' lang='lat' dir='ltr'><strong>hinc</strong></span> <span class='ocrx_word' id='word_1_90' title='bbox 538 1875 690 1945; x_wconf 79' lang='lat' dir='ltr'><strong>subinde</strong></span> <span class='ocrx_word' id='word_1_91' title='bbox 715 1884 851 1944; x_wconf 86' lang='lat' dir='ltr'><strong>metum</strong></span> <span class='ocrx_word' id='word_1_92' title='bbox 875 1874 1151 1955; x_wconf 80' lang='lat' dir='ltr'><strong>incutiendum,</strong></span> 
     </span>
     <span class='ocr_line' id='line_1_15' title="bbox 105 1997 1157 2090; baseline -0.004 -18"><span class='ocrx_word' id='word_1_93' title='bbox 105 1997 259 2072; x_wconf 79' lang='lat' dir='ltr'><strong>subinde</strong></span> <span class='ocrx_word' id='word_1_94' title='bbox 272 1997 514 2090; x_wconf 90' lang='lat' dir='ltr'><strong>objurgandos</strong></span> <span class='ocrx_word' id='word_1_95' title='bbox 526 2008 658 2068; x_wconf 80' lang='lat' dir='ltr'><strong>monet.</strong></span> <span class='ocrx_word' id='word_1_96' title='bbox 707 1997 971 2068; x_wconf 85' lang='lat' dir='ltr'><strong>Erotomaniam</strong></span> <span class='ocrx_word' id='word_1_97' title='bbox 985 1999 1057 2068; x_wconf 87' lang='lat' dir='ltr'><strong>hoc</strong></span> <span class='ocrx_word' id='word_1_98' title='bbox 1068 1998 1157 2069; x_wconf 73' lang='lat' dir='ltr'><strong>lo&#39;eo&#39;</strong></span> 
     </span>
     <span class='ocr_line' id='line_1_16' title="bbox 24 2109 1151 2219; baseline -0.001 -24"><span class='ocrx_word' id='word_1_99' title='bbox 24 2109 27 2116; x_wconf 37' lang='lat'>¹</span> <span class='ocrx_word' id='word_1_100' title='bbox 103 2133 284 2219; x_wconf 76' lang='lat' dir='ltr'><strong>spectasse</strong></span> <span class='ocrx_word' id='word_1_101' title='bbox 304 2121 460 2193; x_wconf 88' lang='lat' dir='ltr'><strong>ridetur.</strong></span> <span class='ocrx_word' id='word_1_102' title='bbox 510 2120 725 2214; x_wconf 88' lang='lat' dir='ltr'><strong>Rachalgiae</strong></span> <span class='ocrx_word' id='word_1_103' title='bbox 743 2122 964 2214; x_wconf 88' lang='lat' dir='ltr'><strong>epidemicae</strong></span> <span class='ocrx_word' id='word_1_104' title='bbox 983 2124 1019 2192; x_wconf 92' lang='lat' dir='ltr'><strong>in</strong></span> <span class='ocrx_word' id='word_1_105' title='bbox 1040 2122 1151 2194; x_wconf 82' lang='lat' dir='ltr'><strong>Italia</strong></span> 
     </span>
     <span class='ocr_line' id='line_1_17' title="bbox 97 2245 1150 2340; baseline -0.002 -21"><span class='ocrx_word' id='word_1_106' title='bbox 97 2247 287 2340; x_wconf 78' lang='lat' dir='ltr'><strong>‘regnantis</strong></span> <span class='ocrx_word' id='word_1_107' title='bbox 318 2246 364 2316; x_wconf 92' lang='lat' dir='ltr'><strong>ab</strong></span> <span class='ocrx_word' id='word_1_108' title='bbox 394 2270 438 2317; x_wconf 89' lang='lat' dir='ltr'><strong>eo</strong></span> <span class='ocrx_word' id='word_1_109' title='bbox 471 2246 514 2316; x_wconf 87' lang='lat' dir='ltr'><strong>fit</strong></span> <span class='ocrx_word' id='word_1_110' title='bbox 539 2246 686 2317; x_wconf 85' lang='lat' dir='ltr'><strong>mentio.</strong></span> <span class='ocrx_word' id='word_1_111' title='bbox 736 2245 906 2318; x_wconf 86' lang='lat' dir='ltr'><strong>Phthisin</strong></span> <span class='ocrx_word' id='word_1_112' title='bbox 933 2245 1150 2317; x_wconf 72' lang='lat' dir='ltr'><strong>calculonum</strong></span> 
     </span>
     <span class='ocr_line' id='line_1_18' title="bbox 101 2370 674 2466; baseline 0 -24"><span class='ocrx_word' id='word_1_113' title='bbox 101 2382 186 2466; x_wconf 86' lang='lat' dir='ltr'><strong>post</strong></span> <span class='ocrx_word' id='word_1_114' title='bbox 204 2371 455 2444; x_wconf 76' lang='lat' dir='ltr'><strong>Amxnnnru</strong></span> <span class='ocrx_word' id='word_1_115' title='bbox 473 2370 674 2465; x_wconf 83' lang='lat' dir='ltr'><strong>descripsit.</strong></span> 
     </span>
    </p>

    <p class='ocr_par' dir='ltr' id='par_1_5' title="bbox 27 2493 1159 2823">
     <span class='ocr_line' id='line_1_19' title="bbox 160 2493 1151 2590; baseline -0.002 -21"><span class='ocrx_word' id='word_1_116' title='bbox 160 2498 397 2590; x_wconf 85' lang='lat' dir='ltr'><strong>Properamus</strong></span> <span class='ocrx_word' id='word_1_117' title='bbox 433 2494 480 2565; x_wconf 90' lang='lat' dir='ltr'><strong>ad</strong></span> <span class='ocrx_word' id='word_1_118' title='bbox 511 2493 731 2587; x_wconf 86' lang='lat' dir='ltr'><strong>chirurgica,</strong></span> <span class='ocrx_word' id='word_1_119' title='bbox 766 2496 805 2564; x_wconf 88' lang='lat' dir='ltr'><strong>in</strong></span> <span class='ocrx_word' id='word_1_120' title='bbox 839 2495 991 2590; x_wconf 66' lang='lat' dir='ltr'><strong>quibus*</strong></span> <span class='ocrx_word' id='word_1_121' title='bbox 1007 2496 1151 2567; x_wconf 71' lang='lat' dir='ltr'><strong>Paneas</strong></span> 
     </span>
     <span class='ocr_line' id='line_1_20' title="bbox 99 2617 1159 2714; baseline -0.001 -22"><span class='ocrx_word' id='word_1_122' title='bbox 99 2622 254 2692; x_wconf 84' lang='lat' dir='ltr'><strong>caeteris</strong></span> <span class='ocrx_word' id='word_1_123' title='bbox 279 2622 433 2714; x_wconf 85' lang='lat' dir='ltr'><strong>palmam</strong></span> <span class='ocrx_word' id='word_1_124' title='bbox 458 2617 696 2713; x_wconf 85' lang='lat' dir='ltr'><strong>praeripuisse</strong></span> <span class='ocrx_word' id='word_1_125' title='bbox 725 2619 915 2702; x_wconf 79' lang='lat' dir='ltr'><strong>anrnnm,</strong></span> <span class='ocrx_word' id='word_1_126' title='bbox 952 2621 1159 2703; x_wconf 68' lang='lat' dir='ltr'><strong>Hatttl&#39;to&#39;,</strong></span> 
     </span>
     <span class='ocr_line' id='line_1_21' title="bbox 27 2724 1009 2823; baseline -0.001 -8"><span class='ocrx_word' id='word_1_127' title='bbox 27 2806 31 2815; x_wconf 84' lang='lat'>.</span> <span class='ocrx_word' id='word_1_128' title='bbox 66 2724 70 2737; x_wconf 20' lang='grc' dir='ltr'>ἵ</span> <span class='ocrx_word' id='word_1_129' title='bbox 100 2742 372 2822; x_wconf 75' lang='lat' dir='ltr'><strong>Acxmnnur&#39;o,</strong></span> <span class='ocrx_word' id='word_1_130' title='bbox 398 2743 1009 2823; x_wconf 72' lang='lat' dir='ltr'><strong>senercur10,&#39;Hacrnrnodicitur.</strong></span> 
     </span>
    </p>

    <p class='ocr_par' dir='ltr' id='par_1_6' title="bbox 53 2865 1164 3954">
     <span class='ocr_line' id='line_1_22' title="bbox 150 2865 1150 2963; baseline 0.002 -24"><span class='ocrx_word' id='word_1_131' title='bbox 150 2870 297 2939; x_wconf 85' lang='lat' dir='ltr'><strong>Sextum</strong></span> <span class='ocrx_word' id='word_1_132' title='bbox 315 2865 463 2946; x_wconf 90' lang='lat' dir='ltr'><strong>librum,</strong></span> <span class='ocrx_word' id='word_1_133' title='bbox 490 2891 562 2963; x_wconf 90' lang='lat' dir='ltr'><strong>quo</strong></span> <span class='ocrx_word' id='word_1_134' title='bbox 581 2867 720 2937; x_wconf 85' lang='lat' dir='ltr'><strong>isthaec</strong></span> <span class='ocrx_word' id='word_1_135' title='bbox 738 2867 942 2962; x_wconf 88' lang='lat' dir='ltr'><strong>chirurgica</strong></span> <span class='ocrx_word' id='word_1_136' title='bbox 958 2870 1150 2941; x_wconf 83' lang='lat' dir='ltr'><strong>continen-</strong></span> 
     </span>
     <span class='ocr_line' id='line_1_23' title="bbox 99 2991 1151 3085; baseline 0.002 -23"><span class='ocrx_word' id='word_1_137' title='bbox 99 3000 179 3072; x_wconf 79' lang='lat' dir='ltr'><strong>tur,</strong></span> <span class='ocrx_word' id='word_1_138' title='bbox 204 2993 244 3060; x_wconf 91' lang='lat' dir='ltr'><strong>iu</strong></span> <span class='ocrx_word' id='word_1_139' title='bbox 261 3013 326 3060; x_wconf 86' lang='lat' dir='ltr'><strong>suo</strong></span> <span class='ocrx_word' id='word_1_140' title='bbox 344 3014 472 3084; x_wconf 91' lang='lat' dir='ltr'><strong>genere</strong></span> <span class='ocrx_word' id='word_1_141' title='bbox 493 2991 836 3085; x_wconf 85' lang='lat' dir='ltr'><strong>praestantissimum</strong></span> <span class='ocrx_word' id='word_1_142' title='bbox 851 2991 995 3082; x_wconf 85' lang='lat' dir='ltr'><strong>judicat</strong></span> <span class='ocrx_word' id='word_1_143' title='bbox 1014 2993 1151 3064; x_wconf 72' lang='lat' dir='ltr'><strong>Famu-</strong></span> 
     </span>
     <span class='ocr_line' id='line_1_24' title="bbox 99 3111 1150 3207; baseline 0 -20"><span class='ocrx_word' id='word_1_144' title='bbox 99 3134 180 3187; x_wconf 80' lang='lat' dir='ltr'><strong>mos</strong></span> <span class='ocrx_word' id='word_1_145' title='bbox 205 3111 246 3183; x_wconf 90' lang='lat' dir='ltr'><strong>in</strong></span> <span class='ocrx_word' id='word_1_146' title='bbox 274 3136 389 3207; x_wconf 90' lang='lat' dir='ltr'><strong>eoque</strong></span> <span class='ocrx_word' id='word_1_147' title='bbox 418 3114 634 3207; x_wconf 85' lang='lat' dir='ltr'><strong>chirurgiam</strong></span> <span class='ocrx_word' id='word_1_148' title='bbox 665 3115 718 3185; x_wconf 90' lang='lat' dir='ltr'><strong>ita</strong></span> <span class='ocrx_word' id='word_1_149' title='bbox 742 3113 911 3183; x_wconf 85' lang='lat' dir='ltr'><strong>traditam</strong></span> <span class='ocrx_word' id='word_1_150' title='bbox 935 3114 1047 3186; x_wconf 78' lang='lat' dir='ltr'><strong>refert</strong></span> <span class='ocrx_word' id='word_1_151' title='bbox 1075 3118 1150 3187; x_wconf 87' lang='lat' dir='ltr'><strong>Ac-</strong></span> 
     </span>
     <span class='ocr_line' id='line_1_25' title="bbox 101 3238 1149 3333; baseline -0.002 -22"><span class='ocrx_word' id='word_1_152' title='bbox 101 3248 332 3333; x_wconf 56' lang='grc' dir='ltr'><strong>ἱιιιίιιιιιιιιιὲ»,ἱ</strong></span> <span class='ocrx_word' id='word_1_153' title='bbox 351 3249 395 3308; x_wconf 88' lang='lat' dir='ltr'><strong>ut</strong></span> <span class='ocrx_word' id='word_1_154' title='bbox 416 3261 537 3332; x_wconf 87' lang='lat' dir='ltr'><strong>neque</strong></span> <span class='ocrx_word' id='word_1_155' title='bbox 563 3240 603 3308; x_wconf 89' lang='lat' dir='ltr'><strong>iu</strong></span> <span class='ocrx_word' id='word_1_156' title='bbox 628 3238 869 3308; x_wconf 87' lang='lat' dir='ltr'><strong>multitudine·</strong></span> <span class='ocrx_word' id='word_1_157' title='bbox 892 3238 1149 3329; x_wconf 75' lang='lat' dir='ltr'><strong>operutionum</strong></span> 
     </span>
     <span class='ocr_line' id='line_1_26' title="bbox 100 3360 1164 3457; baseline -0.002 -24"><span class='ocrx_word' id='word_1_158' title='bbox 100 3360 405 3456; x_wconf 79' lang='lat' dir='ltr'><strong>chirurgicorum,</strong></span> <span class='ocrx_word' id='word_1_159' title='bbox 431 3366 550 3457; x_wconf 79' lang='lat' dir='ltr'><strong>neque¹</strong></span> <span class='ocrx_word' id='word_1_160' title='bbox 569 3365 608 3431; x_wconf 90' lang='lat' dir='ltr'><strong>iu</strong></span> <span class='ocrx_word' id='word_1_161' title='bbox 630 3363 735 3432; x_wconf 90' lang='lat' dir='ltr'><strong>modo</strong></span> <span class='ocrx_word' id='word_1_162' title='bbox 757 3361 852 3455; x_wconf 87' lang='lat' dir='ltr'><strong>ipsas</strong></span> <span class='ocrx_word' id='word_1_163' title='bbox 879 3362 1069 3431; x_wconf 82' lang='lat' dir='ltr'><strong>enarrirndi</strong></span> <span class='ocrx_word' id='word_1_164' title='bbox 1094 3362 1164 3433; x_wconf 76' lang='lat' dir='ltr'><strong>l&#39;a·.</strong></span> 
     </span>
     <span class='ocr_line' id='line_1_27' title="bbox 100 3486 1149 3581; baseline 0.001 -24"><span class='ocrx_word' id='word_1_165' title='bbox 100 3486 171 3557; x_wconf 79' lang='lat' dir='ltr'><strong>olle</strong></span> <span class='ocrx_word' id='word_1_166' title='bbox 191 3486 387 3581; x_wconf 78' lang='lat' dir='ltr'><strong>quidquam</strong></span> <span class='ocrx_word' id='word_1_167' title='bbox 410 3486 524 3579; x_wconf 85' lang='lat' dir='ltr'><strong>possit</strong></span> <span class='ocrx_word' id='word_1_168' title='bbox 550 3487 757 3557; x_wconf 83' lang='lat' dir='ltr'><strong>desiderari.</strong></span> <span class='ocrx_word' id='word_1_169' title='bbox 806 3486 852 3557; x_wconf 91' lang='lat' dir='ltr'><strong>Iu</strong></span> <span class='ocrx_word' id='word_1_170' title='bbox 881 3486 952 3556; x_wconf 90' lang='lat' dir='ltr'><strong>hoc</strong></span> <span class='ocrx_word' id='word_1_171' title='bbox 978 3486 1074 3556; x_wconf 86' lang='lat' dir='ltr'><strong>libro‘</strong></span> <span class='ocrx_word' id='word_1_172' title='bbox 1097 3488 1149 3558; x_wconf 91' lang='lat' dir='ltr'><strong>de</strong></span> 
     </span>
     <span class='ocr_line' id='line_1_28' title="bbox 103 3594 1158 3706; baseline -0.002 -25"><span class='ocrx_word' id='word_1_173' title='bbox 103 3594 357 3681; x_wconf 72' lang='lat' dir='ltr'><strong>ouuis‘vitiis&#39;</strong></span> <span class='ocrx_word' id='word_1_174' title='bbox 376 3612 510 3706; x_wconf 88' lang='lat' dir='ltr'><strong>primo,</strong></span> <span class='ocrx_word' id='word_1_175' title='bbox 537 3622 615 3681; x_wconf 91' lang='lat' dir='ltr'><strong>tum</strong></span> <span class='ocrx_word' id='word_1_176' title='bbox 644 3610 691 3680; x_wconf 90' lang='lat' dir='ltr'><strong>dc</strong></span> <span class='ocrx_word' id='word_1_177' title='bbox 721 3612 852 3681; x_wconf 86' lang='lat' dir='ltr'><strong>ossium</strong></span> <span class='ocrx_word' id='word_1_178' title='bbox 885 3609 1017 3679; x_wconf 87' lang='lat' dir='ltr'><strong>morbis</strong></span> <span class='ocrx_word' id='word_1_179' title='bbox 1049 3606 1158 3702; x_wconf 81' lang='lat' dir='ltr'><strong>agit,</strong></span> 
     </span>
     <span class='ocr_line' id='line_1_29' title="bbox 100 3720 1149 3826; baseline 0.001 -23"><span class='ocrx_word' id='word_1_180' title='bbox 100 3720 322 3804; x_wconf 74' lang='lat' dir='ltr'><strong>iutrid&#39;ncro</strong></span> <span class='ocrx_word' id='word_1_181' title='bbox 335 3758 368 3803; x_wconf 77' lang='lat' dir='ltr'><strong>a</strong></span> <span class='ocrx_word' id='word_1_182' title='bbox 387 3737 518 3826; x_wconf 81' lang='lat' dir='ltr'><strong>capite.</strong></span> <span class='ocrx_word' id='word_1_183' title='bbox 567 3734 695 3804; x_wconf 83' lang='lat' dir='ltr'><strong>Fusius</strong></span> <span class='ocrx_word' id='word_1_184' title='bbox 715 3735 870 3804; x_wconf 87' lang='lat' dir='ltr'><strong>auctoris</strong></span> <span class='ocrx_word' id='word_1_185' title='bbox 890 3731 937 3802; x_wconf 89' lang='lat' dir='ltr'><strong>de</strong></span> <span class='ocrx_word' id='word_1_186' title='bbox 961 3732 1149 3826; x_wconf 85' lang='lat' dir='ltr'><strong>chirurgia</strong></span> 
     </span>
     <span class='ocr_line' id='line_1_30' title="bbox 53 3836 1159 3954; baseline 0.001 -25"><span class='ocrx_word' id='word_1_187' title='bbox 53 3836 58 3847; x_wconf 44' lang='lat'><em>⁶</em></span> <span class='ocrx_word' id='word_1_188' title='bbox 101 3846 414 3951; x_wconf 68' lang='lat' dir='ltr'><strong>notu-exposuit</strong></span> <span class='ocrx_word' id='word_1_189' title='bbox 431 3860 624 3931; x_wconf 67' lang='lat' dir='ltr'><strong>emimus</strong></span> <span class='ocrx_word' id='word_1_190' title='bbox 646 3856 893 3954; x_wconf 77' lang='lat' dir='ltr'><strong>ostenditque,</strong></span> <span class='ocrx_word' id='word_1_191' title='bbox 924 3856 1007 3929; x_wconf 83' lang='lat' dir='ltr'><strong>emir</strong></span> <span class='ocrx_word' id='word_1_192' title='bbox 1026 3858 1159 3929; x_wconf 83' lang='lat' dir='ltr'><strong>multa·</strong></span> 
     </span>
    </p>
   </div>
   <div class='ocr_carea' id='block_1_3' title="bbox 0 0 1280 5040">
    <p class='ocr_par' dir='ltr' id='par_1_7' title="bbox 0 0 1280 5040">
     <span class='ocr_line' id='line_1_31' title="bbox 0 0 1280 5040; baseline 0 2"><span class='ocrx_word' id='word_1_193' title='bbox 0 0 1280 5040; x_wconf 95' lang='lat' dir='ltr'><strong> </strong></span> 
     </span>
    </p>
   </div>
  </div>
 </body>
</html>
