2550 5040
213 394 265 451 DE
281 394 471 454 MEDICINA
487 393 643 454 GRAECA
661 394 757 454 POST
771 394 972 462 Grannum,
1072 391 1111 458 85

70 564 353 643 Christianorum
376 574 555 665 amplexus
581 584 635 643 est
655 597 831 655 caussam,
857 574 903 643 ed
922 573 1108 645 Orientem

72 712 106 758 se
134 699 333 789 composuit
354 697 448 766 orbis
467 699 645 768 Romanus
661 698 812 790 ipsaque<
828 697 1006 767 medicina
1022 697 1109 769 artis

70 818 231 907 magicae
260 821 444 890 orientalis
466 845 507 890 ac
530 822 629 891 rudis
652 822 887 892 Romanorum
914 820 1108 914 empirismi

68 935 168 1011 miro
183 944 359 1013 connubio
376 944 568 1015 reformata
586 956 655 1025 est,
681 946 797 1038 qualis
814 944 852 1014 in
872 944 999 1017 horum
1019 956 1106 1016 tem·

63 1081 198 1151 porum
221 1066 362 1161 scriptis
386 1068 605 1138 medicorum
627 1069 794 1138 cernitur.
888 1067 890 1073 ’

470 1330 699 1362 -ῴ-
761 1349 764 1354 .

181 1531 462 1593 COLLECTANEA
488 1533 655 1602 MEDICA,
685 1531 870 1606 CODICES,
901 1533 993 1595 SIVE

324 1634 554 1696 PANDECTAE
573 1637 845 1697 MEDICINALES.
964 1695 965 1698 ,

21 1890 26 1901 ’
113 1883 256 1957 Iuliano
270 1886 444 1981 primum,
464 1887 596 1961 deinde
612 1890 815 1970 Justiniano
830 1887 1101 1983 imperatoribus

18 2002 22 2011 “
82 2006 285 2081 collectanea
304 2009 445 2082 medica
474 2023 511 2083 et
537 2012 679 2084 codices
706 2013 782 2085 sire
808 2011 1002 2107 pandectas
1026 2035 1102 2082 me·

86 2128 237 2204 dicinales
265 2135 484 2227 scripserunt
511 2134 704 2208 Onrrsssius
729 2137 988 2230 Pergamenus,
1022 2136 1101 2207 aliis
1169 2205 1171 2210 .

85 2277 249 2352 perperam
270 2258 462 2328 Sardianus
485 2258 605 2330 dictus
624 2250 669 2354 (*)
688 2259 870 2331 etderrns
889 2259 1101 2332 Amidenus.
1161 2271 1166 2280 '

88 2409 91 2417 ’
117 2382 158 2453 Et
179 2383 239 2452 ille
268 2382 416 2476 quidem
436 2384 553 2478 operis
579 2385 635 2453 sui
659 2385 850 2472 eonsilium
878 2384 933 2453 his
960 2383 1097 2465 verbis,

73 2503 205 2578 Rasorio
236 2507 453 2601 interprete,
491 2508 666 2579 declarat:
702 2509 911 2601 »epitomes
941 2532 1029 2603 quas
1059 2519 1100 2578 tu

69 2631 148 2702 olim
165 2632 250 2703 dive
275 2630 419 2702 Juliane
438 2631 587 2713 Caesar,
607 2626 702 2703 'mihi
735 2629 973 2701 conficiendas
1002 2655 1100 2702 uran-

62 2755 227 2836 davcmu,
252 2757 329 2849 jam
350 2757 489 2850 pridem
511 2758 650 2829 cumin
675 2754 792 2830 Gallia
812 2754 978 2825 citeriore
1006 2779 1100 2827 esse-

27 2928 30 2935 ,
56 2905 156 2961 mus,
182 2879 380 2960 adfinem,
406 2881 707 2976 quemadmodum
731 2891 771 2955 tu
800 2876 990 2960 voluisses,
1015 2902 1098 2973 per-

53 3004 238 3076 duximus:
252 3029 341 3100 quas
357 3005 504 3099 quidem
517 3029 560 3074 ex
575 3004 619 3074 iis
634 3004 717 3074 solis
735 3001 974 3083 confeceram,
1002 3028 1098 3096 quae

55 3127 223 3204 Gerasus
255 3129 529 3222 conscripsisset.
579 3128 739 3224 Cumque
769 3138 810 3198 tu
836 3148 896 3196 eas
919 3127 1098 3200 laudavis-

51 3277 130 3335 ses,
153 3254 306 3326 alterurn
332 3253 422 3322 mihi
450 3253 607 3324 laborem
639 3250 849 3346 adjunxisti,
881 3262 923 3322 ut
950 3253 1095 3347 perqui-

50 3378 135 3450 sitis
148 3352 337 3461 omnibus,
358 3401 451 3473 quae
476 3377 608 3449 medici
629 3374 924 3479 praestantissimi
942 3375 1095 3450 maxime

89 3683 141 3753 (”)
160 3680 388 3740 Oribasiivitum
403 3676 669 3736 narraveram
687 3678 718 3734 in
732 3677 813 3735 aar.
830 3678 928 3734 medic,
942 3677 1045 3752 Nuper
1053 3676 1093 3734 de·

43 3803 83 3840 eo
104 3783 214 3860 prodiit
231 3783 313 3842 Br‘ss.
326 3783 438 3842 Philol.
448 3783 528 3841 Med.
538 3791 656 3838 auctore
666 3781 751 3836 Uace
768 3784 847 3839 Cass
864 3784 1088 3853 Bussnmxan,
1133 3781 1136 3788 ‘

45 3885 208 3944 exhibens.
232 3887 314 3947 Libr.
326 3888 426 3947 XLIV
438 3886 591 3945 Collectan.
602 3886 700 3943 medic.
709 3887 744 3944 ab
753 3885 871 3962 Angelo
885 3885 972 3954 Maio
983 3886 1091 3945 Graece

44 3992 169 4063 editam,
184 4012 246 4050 cum
262 3990 533 4067 ocdumtaversr'one
547 3990 641 4046 latina
656 3989 938 4069 adnotationibusque
946 3990 1091 4069 Groning.

48 4091 137 4154 ress.
200 4095 202 4099 ·
246 4166 249 4171 ,
