2566 5040
158 393 219 467 ltt'
457 404 584 466 eun.
632 407 894 470 aratur..

156 574 396 652 sibannonia
420 583 672 677 et-rbptbmo,
705 595 748 653 ut
773 585 877 654 ambo
907 583 1011 654 simul
1041 584 1132 655 fiant
1159 594 1198 656 et

155 706 285 776 unicus
308 718 446 775 tantum
466 721 583 777 motus
601 709 787 801 adpareat,
814 710 1023 803 praesertim
1047 710 1086 778 in
1111 710 1200 779 cali·
1250 692 1253 697 ’

155 829 317 900 dioribns
341 832 569 909 animalibus,
594 833 680 901 dum
701 832 760 901 illa
786 835 893 903 celeri
922 832 1104 925 agitantur
1124 857 1198 904 mo·

155 964 208 1022 tu.
257 954 331 1024 Nec
354 955 423 1023 alia
449 957 587 1024 ratione
601 957 652 1024 ·id
674 957 733 1038 fit,
761 982 868 1051 quam
893 981 973 1026 cum
997 956 1036 1025 iu
1057 956 1198 1025 machi·

154 1068 211 1146 nis
232 1101 303 1148 una
318 1090 400 1173 rota
420 1078 524 1148 aliam
551 1090 742 1160 movente,
774 1099 897 1150 ornnes
922 1080 1038 1151 simul.
1055 1083 1198 1171 moveri

154 1201 377 1273 rideantur.'’
919 1185 927 1197 ’

204 1327 311 1398 llisce
330 1327 480 1418 cognitis
500 1327 559 1397 via
575 1330 821 1422 cognoscenda
842 1341 933 1408 erat,
958 1351 1030 1422 qua
1052 1329 1197 1420 sanguis

155 1472 176 1519 e
200 1453 457 1522 rena-cava'in
476 1452 641 1530 arterias,
667 1474 688 1519 e
706 1452 831 1520 dextro
854 1452 971 1522 cordis
991 1453 1196 1535 ventriculo

102 1621 105 1632 ,
153 1572 396 1645 iusinistru'm
417 1577 609 1647 deleratur.
660 1574 741 1665 Quo
759 1572 839 1642 loco
862 1586 1001 1656 monet,
1027 1577 1198 1655 similiter

150 1701 320 1792 peccare,
346 1699 409 1792 qui
431 1723 542 1769 unum
564 1711 706 1769 tantum
727 1697 1080 1792 hominem-eumque
1100 1723 1200 1769 mor·

152 1833 257 1893 tuum
295 1825 549 1917 introspiciunt
576 1821 825 1901 anatomicos,
859 1832 968 1912 atque
998 1844 1042 1925 ex
1074 1845 1121 1893 eo
1147 1822 1196 1893 de

151 1946 315 2042 partibus
339 1942 544 2017 animalium
565 1944 814 2041 pronuntiare,
840 1943 1105 2024 demonstrare,
1130 1958 1198 2017 aut

42 2063 44 2067 ¹
152 2094 365 2164 cognoscere
387 2069 540 2151 volunt,
554 2084 663 2166 atque
682 2069 749 2148 illi,
774 2067 855 2160 qui,
881 2091 953 2137 una
973 2069 1197 2161 reipublicae

75 2277 77 2282 ,
152 2194 266 2265 forma
281 2208 489 2287 perspecta,
515 2194 738 2286 disciplinam
757 2192 939 2283 politicam
960 2215 1197 2284 componere,

152 2329 217 2389 aut
238 2319 344 2388 unius
365 2319 439 2409 agri
461 2329 626 2392 naturam
652 2326 904 2409 cognoscentes
933 2312 1196 2407 agriculturam

114 2525 116 2529 ι
153 2465 191 2511 se
210 2441 301 2539 scire
322 2443 524 2535 opinantur.
999 2523 1002 2529 ι

159 2578 165 2616 ²
199 2565 318 2657 Igitur
348 2566 462 2659 primo
490 2564 579 2659 quid
607 2567 672 2636 fiat
692 2568 732 2636 in
760 2563 987 2643 animalibus,
1019 2564 1085 2657 qui
1111 2565 1197 2656 pul·

147 2712 272 2761 mones
301 2714 374 2759 non
408 2690 564 2771 liabent,
600 2687 875 2768 animadvertit,
909 2685 1064 2770 deinde,
1101 2688 1217 2785 quid,

146 2813 212 2884 fiat
229 2815 486 2908 inembryone,
513 2816 681 2906 pulmone
704 2815 824 2883 clauso
845 2812 920 2881 sive
936 2810 1093 2882 otiante:
1114 2823 1197 2883 tum

57 3030 60 3034 Ι
148 2938 238 3033 quid
259 2937 323 3006 fiat
350 2939 388 3007 iu
415 2938 690 3031 perfectioribus
719 2936 943 3030 adultisque,
977 2936 1197 3028 interposito

147 3064 348 3158 pulmone:
382 3063 514 3157 quibus
556 3058 827 3158 quaestiouibus
866 3061 1012 3140 solutis,
1049 3061 1196 3131 auctori

149 3187 305 3281 suspicio
324 3187 507 3256 suboritur
532 3189 577 3258 de
598 3189 756 3256 motione
782 3186 961 3279 sanguinis
982 3186 1019 3253 in
1037 3183 1195 3254 circulo:

93 3325 95 3329 ’
147 3312 286 3384 scilicet
313 3312 520 3402 sanguinem
551 3336 571 3381 e
603 3312 708 3381 corde
731 3334 797 3404 per
824 3311 971 3379 arterias
1001 3309 1040 3378 iu
1061 3331 1197 3391 ,omnen

18 3506 22 3513 ,
145 3424 268 3528 partes
289 3437 423 3531 impelli
453 3448 491 3506 et
512 3460 632 3506 rursus
656 3459 720 3529 per
745 3458 854 3506 venas
883 3433 931 3502 ad
961 3456 1021 3502 cor
1048 3433 1194 3503 redire:

90 3553 91 3556 ¹
147 3585 254 3656 quam
276 3559 513 3654 suspicionem
536 3572 659 3653 postea
683 3582 806 3630 veram
827 3581 904 3627 esse
922 3555 1094 3648 repperit.

98 3726 108 3754 t
149 3704 167 3761 ³,
196 3685 330 3757 Thesin
362 3708 460 3754 suam
481 3684 630 3776 ,triplici
665 3680 972 3774 argumentatione
1002 3679 1193 3752 defendit:

147 3811 261 3905 primo
281 3810 575 3889 demonstrando,
590 3820 705 3877 totam
726 3791 906 3898 sanguinis
927 3826 1075 3874 massam
1094 3828 1114 3874 c
1132 3829 1197 3876 vc·

144 3952 197 4002 na
227 3956 314 4031 cara
344 3936 379 4001 in
404 3934 552 4002 arterias
581 3928 955 4000 transmittietilliuc
977 3928 1081 3999 brevi
1103 3939 1196 4001 tem·

144 4079 235 4152 pore
261 4059 495 4152 pertransire3
530 4055 688 4126 secundo
714 4052 917 4158 probando,
950 4053 1122 4126 continuo
1156 4065 1198 4125 et
