<?xml version="1.0" encoding="UTF-8"?>
<!DOCTYPE html PUBLIC "-//W3C//DTD XHTML 1.0 Transitional//EN"
    "http://www.w3.org/TR/xhtml1/DTD/xhtml1-transitional.dtd">
<html xmlns="http://www.w3.org/1999/xhtml" xml:lang="en" lang="en">
 <head>
  <title>
</title>
<meta http-equiv="Content-Type" content="text/html;charset=utf-8" />
  <meta name='ocr-system' content='tesseract 3.04.00' />
  <meta name='ocr-capabilities' content='ocr_page ocr_carea ocr_par ocr_line ocrx_word'/>
</head>
<body>
  <div class='ocr_page' id='page_1' title='image "./dehistoriamedic00hoevgoog_0218.png"; bbox 0 0 2566 5040; ppageno 0'>
   <div class='ocr_carea' id='block_1_1' title="bbox 495 350 1246 480">
    <p class='ocr_par' dir='ltr' id='par_1_1' title="bbox 495 350 1246 480">
     <span class='ocr_line' id='line_1_1' title="bbox 495 350 1246 480; baseline -0.001 -25"><span class='ocrx_word' id='word_1_1' title='bbox 495 393 608 455; x_wconf 79' lang='lat' dir='ltr'>sano.</span> <span class='ocrx_word' id='word_1_2' title='bbox 627 350 789 459; x_wconf 73' lang='lat' dir='ltr'>norscn.</span> <span class='ocrx_word' id='word_1_3' title='bbox 1105 393 1167 480; x_wconf 72' lang='lat' dir='ltr'>aot</span> <span class='ocrx_word' id='word_1_4' title='bbox 1245 359 1246 364; x_wconf 8' lang='grc' dir='ltr'><strong><em>Ν</em></strong></span> 
     </span>
    </p>
   </div>
   <div class='ocr_carea' id='block_1_2' title="bbox 116 555 1239 2766">
    <p class='ocr_par' dir='ltr' id='par_1_2' title="bbox 116 555 1239 2766">
     <span class='ocr_line' id='line_1_2' title="bbox 166 555 1161 646; baseline -0.006 0"><span class='ocrx_word' id='word_1_5' title='bbox 166 587 206 623; x_wconf 62' lang='lat' dir='ltr'>&#39;s</span> <span class='ocrx_word' id='word_1_6' title='bbox 243 577 392 646; x_wconf 84' lang='lat' dir='ltr'>mortale</span> <span class='ocrx_word' id='word_1_7' title='bbox 430 573 630 644; x_wconf 78' lang='lat' dir='ltr'>celebretur</span> <span class='ocrx_word' id='word_1_8' title='bbox 672 572 841 642; x_wconf 64' lang='lat' dir='ltr'>Hauriat</span> <span class='ocrx_word' id='word_1_9' title='bbox 878 591 1025 640; x_wconf 86' lang='lat' dir='ltr'>nomen:</span> <span class='ocrx_word' id='word_1_10' title='bbox 1062 555 1161 640; x_wconf 80' lang='lat' dir='ltr'>Mat.-</span> 
     </span>
     <span class='ocr_line' id='line_1_3' title="bbox 161 692 1160 788; baseline -0.007 -19"><span class='ocrx_word' id='word_1_11' title='bbox 161 737 164 743; x_wconf 94' lang='lat'>·</span> <span class='ocrx_word' id='word_1_12' title='bbox 200 736 203 743; x_wconf 92' lang='lat'><em>·</em></span> <span class='ocrx_word' id='word_1_13' title='bbox 240 711 360 770; x_wconf 70' lang='lat' dir='ltr'>ercan</span> <span class='ocrx_word' id='word_1_14' title='bbox 381 697 472 768; x_wconf 78' lang='lat' dir='ltr'>sarna</span> <span class='ocrx_word' id='word_1_15' title='bbox 492 696 611 767; x_wconf 91' lang='lat' dir='ltr'>eundo</span> <span class='ocrx_word' id='word_1_16' title='bbox 630 708 785 778; x_wconf 62' lang='lat' dir='ltr'>crescon</span> <span class='ocrx_word' id='word_1_17' title='bbox 808 693 1027 788; x_wconf 84' lang='lat' dir='ltr'>Ruyschiaui</span> <span class='ocrx_word' id='word_1_18' title='bbox 1046 692 1160 764; x_wconf 91' lang='lat' dir='ltr'>nomi·</span> 
     </span>
     <span class='ocr_line' id='line_1_4' title="bbox 119 818 1015 913; baseline -0.007 -21"><span class='ocrx_word' id='word_1_19' title='bbox 119 840 130 890; x_wconf 58' lang='lat'>⁴2</span> <span class='ocrx_word' id='word_1_20' title='bbox 171 850 174 855; x_wconf 94' lang='lat'>·</span> <span class='ocrx_word' id='word_1_21' title='bbox 244 823 300 892; x_wconf 93' lang='lat' dir='ltr'>nis</span> <span class='ocrx_word' id='word_1_22' title='bbox 318 820 506 892; x_wconf 79' lang='lat' dir='ltr'><strong>celebritas</strong></span> <span class='ocrx_word' id='word_1_23' title='bbox 526 831 606 913; x_wconf 89' lang='lat' dir='ltr'>post</span> <span class='ocrx_word' id='word_1_24' title='bbox 628 819 753 889; x_wconf 81' lang='lat' dir='ltr'>funera</span> <span class='ocrx_word' id='word_1_25' title='bbox 773 818 983 889; x_wconf 84' lang='lat' dir='ltr'>decreverit.</span> <span class='ocrx_word' id='word_1_26' title='bbox 1010 870 1015 879; x_wconf 87' lang='lat'>.</span> 
     </span>
     <span class='ocr_line' id='line_1_5' title="bbox 164 933 1158 1034; baseline -0.009 -15"><span class='ocrx_word' id='word_1_27' title='bbox 164 933 210 1019; x_wconf 80' lang='lat' dir='ltr'>V.</span> <span class='ocrx_word' id='word_1_28' title='bbox 246 947 289 1015; x_wconf 91' lang='lat' dir='ltr'>In</span> <span class='ocrx_word' id='word_1_29' title='bbox 309 946 487 1014; x_wconf 76' lang='lat' dir='ltr'>Hanvano</span> <span class='ocrx_word' id='word_1_30' title='bbox 510 941 642 1023; x_wconf 86' lang='lat' dir='ltr'>cordis,</span> <span class='ocrx_word' id='word_1_31' title='bbox 661 964 853 1023; x_wconf 86' lang='lat' dir='ltr'>¹vasorum,</span> <span class='ocrx_word' id='word_1_32' title='bbox 878 940 1057 1034; x_wconf 83' lang='lat' dir='ltr'>sanguinis</span> <span class='ocrx_word' id='word_1_33' title='bbox 1083 941 1158 1012; x_wconf 84' lang='lat' dir='ltr'>vita</span> 
     </span>
     <span class='ocr_line' id='line_1_6' title="bbox 124 1063 1160 1162; baseline -0.006 -22"><span class='ocrx_word' id='word_1_34' title='bbox 124 1097 129 1104; x_wconf 92' lang='lat'>·</span> <span class='ocrx_word' id='word_1_35' title='bbox 157 1084 160 1089; x_wconf 79' lang='grc'><em>“</em></span> <span class='ocrx_word' id='word_1_36' title='bbox 245 1071 376 1162; x_wconf 77' lang='lat' dir='ltr'>orique</span> <span class='ocrx_word' id='word_1_37' title='bbox 407 1063 554 1160; x_wconf 83' lang='lat' dir='ltr'>genesis</span> <span class='ocrx_word' id='word_1_38' title='bbox 573 1066 882 1158; x_wconf 81' lang='lat' dir='ltr'>geneiationisque</span> <span class='ocrx_word' id='word_1_39' title='bbox 905 1063 1045 1141; x_wconf 81' lang='lat' dir='ltr'>theoria</span> <span class='ocrx_word' id='word_1_40' title='bbox 1069 1075 1160 1134; x_wconf 88' lang='lat' dir='ltr'>stre·</span> 
     </span>
     <span class='ocr_line' id='line_1_7' title="bbox 205 1187 1159 1283; baseline -0.005 -20"><span class='ocrx_word' id='word_1_41' title='bbox 205 1232 208 1236; x_wconf 92' lang='lat'>·</span> <span class='ocrx_word' id='word_1_42' title='bbox 243 1200 356 1263; x_wconf 87' lang='lat' dir='ltr'>nunni</span> <span class='ocrx_word' id='word_1_43' title='bbox 372 1203 499 1260; x_wconf 88' lang='lat' dir='ltr'>nactae</span> <span class='ocrx_word' id='word_1_44' title='bbox 516 1200 599 1259; x_wconf 92' lang='lat' dir='ltr'>sunt</span> <span class='ocrx_word' id='word_1_45' title='bbox 616 1189 859 1283; x_wconf 78' lang='lat' dir='ltr'><strong>interpretem.</strong></span> <span class='ocrx_word' id='word_1_46' title='bbox 892 1187 938 1256; x_wconf 93' lang='lat' dir='ltr'>In</span> <span class='ocrx_word' id='word_1_47' title='bbox 955 1189 1159 1258; x_wconf 62' lang='lat' dir='ltr'>Mamercino</span> 
     </span>
     <span class='ocr_line' id='line_1_8' title="bbox 243 1307 1161 1408; baseline -0.004 -24"><span class='ocrx_word' id='word_1_48' title='bbox 243 1316 353 1408; x_wconf 88' lang='lat' dir='ltr'>spirat</span> <span class='ocrx_word' id='word_1_49' title='bbox 361 1325 510 1384; x_wconf 86' lang='lat' dir='ltr'>naturae</span> <span class='ocrx_word' id='word_1_50' title='bbox 522 1307 643 1384; x_wconf 89' lang='lat' dir='ltr'>sensus</span> <span class='ocrx_word' id='word_1_51' title='bbox 654 1315 823 1405; x_wconf 76' lang='lat' dir='ltr'>sitneque</span> <span class='ocrx_word' id='word_1_52' title='bbox 833 1311 1003 1405; x_wconf 87' lang='lat' dir='ltr'>plasticae</span> <span class='ocrx_word' id='word_1_53' title='bbox 1014 1310 1161 1380; x_wconf 89' lang='lat' dir='ltr'>instinc-</span> 
     </span>
     <span class='ocr_line' id='line_1_9' title="bbox 158 1431 1239 1531; baseline -0.005 -25"><span class='ocrx_word' id='word_1_54' title='bbox 158 1512 161 1519; x_wconf 14' lang='lat'>*</span> <span class='ocrx_word' id='word_1_55' title='bbox 208 1442 211 1447; x_wconf 89' lang='grc'><strong>’</strong></span> <span class='ocrx_word' id='word_1_56' title='bbox 242 1447 373 1530; x_wconf 83' lang='lat' dir='ltr'>tusqnc</span> <span class='ocrx_word' id='word_1_57' title='bbox 393 1438 549 1530; x_wconf 80' lang='lat' dir='ltr'>organici</span> <span class='ocrx_word' id='word_1_58' title='bbox 569 1438 693 1531; x_wconf 83' lang='lat' dir='ltr'>genius</span> <span class='ocrx_word' id='word_1_59' title='bbox 714 1439 864 1531; x_wconf 86' lang='lat' dir='ltr'>ejusque</span> <span class='ocrx_word' id='word_1_60' title='bbox 893 1434 1011 1504; x_wconf 89' lang='lat' dir='ltr'>animo</span> <span class='ocrx_word' id='word_1_61' title='bbox 1033 1431 1161 1514; x_wconf 82' lang='lat' dir='ltr'>obver-</span> <span class='ocrx_word' id='word_1_62' title='bbox 1235 1445 1239 1456; x_wconf 89' lang='lat'>&#39;</span> 
     </span>
     <span class='ocr_line' id='line_1_10' title="bbox 129 1541 1185 1654; baseline -0.002 -26"><span class='ocrx_word' id='word_1_63' title='bbox 129 1648 132 1654; x_wconf 24' lang='grc' dir='ltr'>Ι</span> <span class='ocrx_word' id='word_1_64' title='bbox 166 1541 169 1546; x_wconf 43' lang='grc'><strong><em>’</em></strong></span> <span class='ocrx_word' id='word_1_65' title='bbox 243 1543 339 1629; x_wconf 85' lang='lat' dir='ltr'>satur</span> <span class='ocrx_word' id='word_1_66' title='bbox 357 1561 547 1651; x_wconf 87' lang='lat' dir='ltr'>organismi</span> <span class='ocrx_word' id='word_1_67' title='bbox 565 1559 655 1630; x_wconf 84' lang='lat' dir='ltr'>idea.</span> <span class='ocrx_word' id='word_1_68' title='bbox 696 1561 741 1629; x_wconf 93' lang='lat' dir='ltr'>In</span> <span class='ocrx_word' id='word_1_69' title='bbox 761 1561 936 1631; x_wconf 79' lang='lat' dir='ltr'>tturscmo</span> <span class='ocrx_word' id='word_1_70' title='bbox 959 1555 1185 1627; x_wconf 85' lang='lat' dir='ltr'>mechanis·‘</span> 
     </span>
     <span class='ocr_line' id='line_1_11' title="bbox 239 1680 1160 1776; baseline 0.001 -27"><span class='ocrx_word' id='word_1_71' title='bbox 239 1683 289 1750; x_wconf 91' lang='lat' dir='ltr'>mi</span> <span class='ocrx_word' id='word_1_72' title='bbox 309 1683 445 1775; x_wconf 86' lang='lat' dir='ltr'>species</span> <span class='ocrx_word' id='word_1_73' title='bbox 465 1684 577 1753; x_wconf 90' lang='lat' dir='ltr'>menti</span> <span class='ocrx_word' id='word_1_74' title='bbox 597 1680 769 1751; x_wconf 80' lang='lat' dir='ltr'>haerebat</span> <span class='ocrx_word' id='word_1_75' title='bbox 795 1681 923 1762; x_wconf 84' lang='lat' dir='ltr'>infixa,</span> <span class='ocrx_word' id='word_1_76' title='bbox 948 1704 1056 1776; x_wconf 89' lang='lat' dir='ltr'>quam</span> <span class='ocrx_word' id='word_1_77' title='bbox 1077 1702 1160 1750; x_wconf 75' lang='lat' dir='ltr'>oram</span> 
     </span>
     <span class='ocr_line' id='line_1_12' title="bbox 241 1781 1109 1905; baseline 0 -31"><span class='ocrx_word' id='word_1_78' title='bbox 241 1817 317 1875; x_wconf 90' lang='lat' dir='ltr'>arte</span> <span class='ocrx_word' id='word_1_79' title='bbox 341 1785 532 1876; x_wconf 77' lang='lat' dir='ltr'>restituere</span> <span class='ocrx_word' id='word_1_80' title='bbox 552 1814 757 1883; x_wconf 84' lang='lat' dir='ltr'>conaretur,</span> <span class='ocrx_word' id='word_1_81' title='bbox 783 1781 989 1905; x_wconf 79' lang='lat' dir='ltr'>mummium</span> <span class='ocrx_word' id='word_1_82' title='bbox 1011 1804 1109 1875; x_wconf 81' lang='lat' dir='ltr'>iecit</span> 
     </span>
     <span class='ocr_line' id='line_1_13' title="bbox 290 1926 1158 2016; baseline 0.001 -16"><span class='ocrx_word' id='word_1_83' title='bbox 290 1926 354 2016; x_wconf 81' lang='lat' dir='ltr'>(Cr.</span> <span class='ocrx_word' id='word_1_84' title='bbox 376 1929 613 2000; x_wconf 79' lang='lat' dir='ltr'>Bnuunuaaca</span> <span class='ocrx_word' id='word_1_85' title='bbox 633 1927 768 1998; x_wconf 88' lang='lat' dir='ltr'>Introd.</span> <span class='ocrx_word' id='word_1_86' title='bbox 785 1928 824 1997; x_wconf 92' lang='lat' dir='ltr'>in</span> <span class='ocrx_word' id='word_1_87' title='bbox 843 1928 934 2001; x_wconf 86' lang='lat' dir='ltr'>Hist.</span> <span class='ocrx_word' id='word_1_88' title='bbox 957 1928 1050 2000; x_wconf 86' lang='lat' dir='ltr'>Med.</span> <span class='ocrx_word' id='word_1_89' title='bbox 1072 1930 1158 2003; x_wconf 87' lang='lat' dir='ltr'>Litt.</span> 
     </span>
     <span class='ocr_line' id='line_1_14' title="bbox 241 2036 1025 2142; baseline 0.001 -20"><span class='ocrx_word' id='word_1_90' title='bbox 241 2052 482 2123; x_wconf 75' lang='lat' dir='ltr'>de-Rnrscuto</span> <span class='ocrx_word' id='word_1_91' title='bbox 501 2064 539 2124; x_wconf 84' lang='lat' dir='ltr'>et</span> <span class='ocrx_word' id='word_1_92' title='bbox 559 2053 604 2123; x_wconf 89' lang='lat' dir='ltr'>de</span> <span class='ocrx_word' id='word_1_93' title='bbox 626 2053 855 2142; x_wconf 74' lang='lat' dir='ltr'>Mammam.)</span> <span class='ocrx_word' id='word_1_94' title='bbox 907 2096 910 2110; x_wconf 65' lang='grc' dir='ltr'>ι</span> <span class='ocrx_word' id='word_1_95' title='bbox 939 2036 957 2055; x_wconf 55' lang='grc'><strong>”</strong></span> <span class='ocrx_word' id='word_1_96' title='bbox 1023 2082 1025 2085; x_wconf 95' lang='grc'><strong><em>·</em></strong></span> 
     </span>
     <span class='ocr_line' id='line_1_15' title="bbox 143 2175 1160 2273; baseline 0.002 -24"><span class='ocrx_word' id='word_1_97' title='bbox 143 2178 209 2250; x_wconf 90' lang='lat' dir='ltr'>VI.</span> <span class='ocrx_word' id='word_1_98' title='bbox 244 2175 339 2248; x_wconf 88' lang='lat' dir='ltr'>Vera</span> <span class='ocrx_word' id='word_1_99' title='bbox 367 2176 566 2247; x_wconf 82' lang='lat' dir='ltr'>medicinae</span> <span class='ocrx_word' id='word_1_100' title='bbox 590 2175 730 2247; x_wconf 86' lang='lat' dir='ltr'>theoria</span> <span class='ocrx_word' id='word_1_101' title='bbox 753 2176 952 2270; x_wconf 70' lang='lat' dir='ltr'>abiologia&#39;</span> <span class='ocrx_word' id='word_1_102' title='bbox 971 2179 1160 2273; x_wconf 80' lang='lat' dir='ltr'>speranda·</span> 
     </span>
     <span class='ocr_line' id='line_1_16' title="bbox 116 2299 1158 2398; baseline 0.003 -25"><span class='ocrx_word' id='word_1_103' title='bbox 116 2300 207 2374; x_wconf 88' lang='lat' dir='ltr'><strong>VII.</strong></span> <span class='ocrx_word' id='word_1_104' title='bbox 243 2300 344 2393; x_wconf 86' lang='lat' dir='ltr'>Quae</span> <span class='ocrx_word' id='word_1_105' title='bbox 367 2301 442 2370; x_wconf 83' lang='lat' dir='ltr'>sola</span> <span class='ocrx_word' id='word_1_106' title='bbox 460 2299 614 2383; x_wconf 85' lang='lat' dir='ltr'>habetur</span> <span class='ocrx_word' id='word_1_107' title='bbox 633 2301 832 2372; x_wconf 87' lang='lat' dir='ltr'>viventium</span> <span class='ocrx_word' id='word_1_108' title='bbox 853 2303 1010 2372; x_wconf 91' lang='lat' dir='ltr'>omnium</span> <span class='ocrx_word' id='word_1_109' title='bbox 1037 2306 1158 2398; x_wconf 86' lang='lat' dir='ltr'>cogni·</span> 
     </span>
     <span class='ocr_line' id='line_1_17' title="bbox 178 2423 1160 2522; baseline 0.005 -28"><span class='ocrx_word' id='word_1_110' title='bbox 178 2450 185 2460; x_wconf 75' lang='lat'><strong><em>¹</em></strong></span> <span class='ocrx_word' id='word_1_111' title='bbox 241 2423 359 2515; x_wconf 88' lang='lat' dir='ltr'>tione,</span> <span class='ocrx_word' id='word_1_112' title='bbox 386 2423 436 2493; x_wconf 86' lang='lat' dir='ltr'>ita</span> <span class='ocrx_word' id='word_1_113' title='bbox 457 2435 677 2517; x_wconf 86' lang='lat' dir='ltr'>comparata,</span> <span class='ocrx_word' id='word_1_114' title='bbox 704 2437 745 2496; x_wconf 88' lang='lat' dir='ltr'>ut</span> <span class='ocrx_word' id='word_1_115' title='bbox 763 2450 784 2496; x_wconf 88' lang='lat' dir='ltr'>a</span> <span class='ocrx_word' id='word_1_116' title='bbox 803 2427 1038 2520; x_wconf 88' lang='lat' dir='ltr'>simplicismis</span> <span class='ocrx_word' id='word_1_117' title='bbox 1060 2429 1160 2522; x_wconf 87' lang='lat' dir='ltr'>plan-</span> 
     </span>
     <span class='ocr_line' id='line_1_18' title="bbox 239 2546 1159 2641; baseline 0.01 -26"><span class='ocrx_word' id='word_1_118' title='bbox 239 2547 285 2616; x_wconf 90' lang='lat' dir='ltr'>tis</span> <span class='ocrx_word' id='word_1_119' title='bbox 296 2547 446 2639; x_wconf 85' lang='lat' dir='ltr'>incipias</span> <span class='ocrx_word' id='word_1_120' title='bbox 459 2547 569 2641; x_wconf 86' lang='lat' dir='ltr'>inque</span> <span class='ocrx_word' id='word_1_121' title='bbox 581 2546 778 2631; x_wconf 85' lang='lat' dir='ltr'>hominem,</span> <span class='ocrx_word' id='word_1_122' title='bbox 795 2550 993 2622; x_wconf 83' lang='lat' dir='ltr'>viventium</span> <span class='ocrx_word' id='word_1_123' title='bbox 1007 2553 1159 2624; x_wconf 81' lang='lat' dir='ltr'>maximo</span> 
     </span>
     <span class='ocr_line' id='line_1_19' title="bbox 239 2668 666 2766; baseline 0.007 -27"><span class='ocrx_word' id='word_1_124' title='bbox 239 2674 489 2766; x_wconf 89' lang='lat' dir='ltr'>compositum,</span> <span class='ocrx_word' id='word_1_125' title='bbox 513 2668 666 2742; x_wconf 87' lang='lat' dir='ltr'>desinas.</span> 
     </span>
    </p>
   </div>
   <div class='ocr_carea' id='block_1_3' title="bbox 499 2937 790 2965">
    <p class='ocr_par' dir='ltr' id='par_1_3' title="bbox 499 2937 790 2965">
     <span class='ocr_line' id='line_1_20' title="bbox 499 2937 790 2965; baseline 0 -8"><span class='ocrx_word' id='word_1_126' title='bbox 499 2937 790 2965; x_wconf 41' lang='grc' dir='ltr'>...ἡ-</span> 
     </span>
    </p>
   </div>
   <div class='ocr_carea' id='block_1_4' title="bbox 342 3096 926 3199">
    <p class='ocr_par' dir='ltr' id='par_1_4' title="bbox 342 3096 926 3199">
     <span class='ocr_line' id='line_1_21' title="bbox 342 3096 926 3199; baseline 0.012 -7"><span class='ocrx_word' id='word_1_127' title='bbox 342 3135 490 3195; x_wconf 78' lang='lat' dir='ltr'>senona</span> <span class='ocrx_word' id='word_1_128' title='bbox 509 3096 926 3199; x_wconf 68' lang='lat' dir='ltr'>turcomannorum.</span> 
     </span>
    </p>
   </div>
   <div class='ocr_carea' id='block_1_5' title="bbox 566 3297 707 3359">
    <p class='ocr_par' dir='ltr' id='par_1_5' title="bbox 566 3297 707 3359">
     <span class='ocr_line' id='line_1_22' title="bbox 566 3297 707 3359; baseline 0.007 -2"><span class='ocrx_word' id='word_1_129' title='bbox 566 3299 602 3358; x_wconf 78' lang='lat' dir='ltr'>A.</span> <span class='ocrx_word' id='word_1_130' title='bbox 624 3297 707 3359; x_wconf 85' lang='lat'><strong>1679.</strong></span> 
     </span>
    </p>
   </div>
   <div class='ocr_carea' id='block_1_6' title="bbox 113 3547 1160 4159">
    <p class='ocr_par' dir='ltr' id='par_1_6' title="bbox 113 3547 1160 4159">
     <span class='ocr_line' id='line_1_23' title="bbox 164 3547 1160 3643; baseline 0.005 -22"><span class='ocrx_word' id='word_1_131' title='bbox 164 3547 313 3643; x_wconf 89' lang='lat' dir='ltr'>Peperit</span> <span class='ocrx_word' id='word_1_132' title='bbox 338 3548 525 3620; x_wconf 86' lang='lat' dir='ltr'>inventum</span> <span class='ocrx_word' id='word_1_133' title='bbox 556 3550 805 3623; x_wconf 81' lang='lat' dir='ltr'>Harvaeanum</span> <span class='ocrx_word' id='word_1_134' title='bbox 824 3552 1024 3624; x_wconf 84' lang='lat' dir='ltr'>doctrinam</span> <span class='ocrx_word' id='word_1_135' title='bbox 1046 3555 1160 3626; x_wconf 88' lang='lat' dir='ltr'>medi-</span> 
     </span>
     <span class='ocr_line' id='line_1_24' title="bbox 116 3672 1157 3768; baseline 0.006 -24"><span class='ocrx_word' id='word_1_136' title='bbox 116 3697 217 3754; x_wconf 85' lang='lat' dir='ltr'>cam,</span> <span class='ocrx_word' id='word_1_137' title='bbox 252 3672 367 3768; x_wconf 87' lang='lat' dir='ltr'>qualis</span> <span class='ocrx_word' id='word_1_138' title='bbox 394 3672 432 3742; x_wconf 94' lang='lat' dir='ltr'>in</span> <span class='ocrx_word' id='word_1_139' title='bbox 455 3674 576 3744; x_wconf 87' lang='lat' dir='ltr'>schola</span> <span class='ocrx_word' id='word_1_140' title='bbox 598 3675 1029 3768; x_wconf 87' lang='lat' dir='ltr'>jatromathematicorur&#39;n</span> <span class='ocrx_word' id='word_1_141' title='bbox 1059 3679 1157 3750; x_wconf 87' lang='lat' dir='ltr'>culta</span> 
     </span>
     <span class='ocr_line' id='line_1_25' title="bbox 114 3797 1160 3891; baseline 0.005 -22"><span class='ocrx_word' id='word_1_142' title='bbox 114 3798 201 3869; x_wconf 83' lang='lat' dir='ltr'>fuit.</span> <span class='ocrx_word' id='word_1_143' title='bbox 249 3798 421 3891; x_wconf 89' lang='lat' dir='ltr'>Princeps</span> <span class='ocrx_word' id='word_1_144' title='bbox 448 3797 557 3890; x_wconf 84' lang='lat' dir='ltr'>hujus</span> <span class='ocrx_word' id='word_1_145' title='bbox 589 3798 732 3870; x_wconf 89' lang='lat' dir='ltr'>scholae</span> <span class='ocrx_word' id='word_1_146' title='bbox 760 3812 886 3873; x_wconf 88' lang='lat' dir='ltr'>auctor</span> <span class='ocrx_word' id='word_1_147' title='bbox 909 3801 962 3872; x_wconf 91' lang='lat' dir='ltr'>Jo.</span> <span class='ocrx_word' id='word_1_148' title='bbox 984 3801 1160 3874; x_wconf 78' lang='lat' dir='ltr'>Amnous.</span> 
     </span>
     <span class='ocr_line' id='line_1_26' title="bbox 113 3900 1159 4018; baseline 0.007 -25"><span class='ocrx_word' id='word_1_149' title='bbox 113 3921 298 3993; x_wconf 73' lang='lat' dir='ltr'>Ronanus</span> <span class='ocrx_word' id='word_1_150' title='bbox 315 3945 358 3991; x_wconf 86' lang='lat' dir='ltr'>ex</span> <span class='ocrx_word' id='word_1_151' title='bbox 376 3900 594 3993; x_wconf 85' lang='lat' dir='ltr'>mechanicis</span> <span class='ocrx_word' id='word_1_152' title='bbox 611 3922 796 4018; x_wconf 90' lang='lat' dir='ltr'>principiis</span> <span class='ocrx_word' id='word_1_153' title='bbox 813 3937 950 3996; x_wconf 89' lang='lat' dir='ltr'>motum</span> <span class='ocrx_word' id='word_1_154' title='bbox 969 3926 1159 4000; x_wconf 82' lang='lat' dir='ltr'>animalem</span> 
     </span>
     <span class='ocr_line' id='line_1_27' title="bbox 114 4045 1160 4159; baseline 0.009 -44"><span class='ocrx_word' id='word_1_155' title='bbox 114 4045 374 4140; x_wconf 84' lang='lat' dir='ltr'>interpretatus</span> <span class='ocrx_word' id='word_1_156' title='bbox 395 4055 460 4143; x_wconf 83' lang='lat' dir='ltr'>est.</span> <span class='ocrx_word' id='word_1_157' title='bbox 494 4045 570 4159; x_wconf 32' lang='lat' dir='ltr'>‘Aa</span> <span class='ocrx_word' id='word_1_158' title='bbox 596 4070 727 4142; x_wconf 83' lang='lat' dir='ltr'>organa</span> <span class='ocrx_word' id='word_1_159' title='bbox 759 4051 898 4146; x_wconf 80' lang='lat' dir='ltr'>reliqua</span> <span class='ocrx_word' id='word_1_160' title='bbox 926 4051 1024 4122; x_wconf 90' lang='lat' dir='ltr'>hunc</span> <span class='ocrx_word' id='word_1_161' title='bbox 1048 4052 1160 4126; x_wconf 87' lang='lat' dir='ltr'>inter·</span> 
     </span>
    </p>
   </div>
   <div class='ocr_carea' id='block_1_7' title="bbox 0 0 1288 5040">
    <p class='ocr_par' dir='ltr' id='par_1_7' title="bbox 0 0 1288 5040">
     <span class='ocr_line' id='line_1_28' title="bbox 0 0 1288 5040; baseline 0 5"><span class='ocrx_word' id='word_1_162' title='bbox 0 0 1288 5040; x_wconf 95' lang='lat' dir='ltr'> </span> 
     </span>
    </p>
   </div>
  </div>
 </body>
</html>
