2566 5040
133 360 186 422 lto
416 365 471 422 JO.
495 365 604 424 BAPT.
626 366 675 424 AB
698 367 898 428 untuonr.
1012 448 1025 465 ἢ
1121 404 1127 412 -

128 536 236 610 Nasci
259 536 415 632 pariter·
431 539 614 622 morbum,
640 554 828 638 postquam
854 542 982 614 nociva
1013 559 1172 638 potestas

131 640 321 745 violaverit
347 664 456 734 vitale
492 665 658 746 initium,
693 689 886 763 omnesque
919 666 1063 738 morbos
1095 689 1170 736 esso

129 798 327 879 conceptus
351 788 523 882 quosdam
557 789 720 882 depictos
745 788 793 859 ab
821 790 994 861 invisibili
1021 791 1095 860 hoc
1121 814 1172 860 rc·

128 922 229 982 ctorc
253 911 300 1003 ad
321 911 576 1006 perpetrandas
608 923 809 984 nostrarum
829 915 1075 987 calamitatum
1093 937 1171 1008 pro-

127 1035 246 1107 cellas.
586 1117 591 1125 ,

135 1196 138 1203 ·
174 1158 279 1230 Hauc
304 1160 552 1231 adumbratam
579 1161 709 1232 leviter
739 1162 943 1233 Hunnorum
969 1162 1173 1233 doctrinam

126 1283 257 1355 sicum
288 1285 491 1356 Pmrcrrsr
513 1285 676 1356 doctriua
698 1297 1171 1386 comparemus,.quautum

120 1429 190 1501 per
209 1408 446 1482 Hrruourruu
470 1409 667 1504 profecerit
689 1409 829 1480 theoria
850 1407 1012 1491 medica,
1036 1408 1172 1509 iutelli-

124 1531 260 1625 gemus.
341 1588 344 1593 .
395 1561 400 1569 ·

131 1700 135 1705 ·
174 1657 391 1730 Praesertim
416 1657 622 1753 pathologia
642 1658 797 1729 multum
824 1657 978 1752 profecit
1003 1657 1077 1729 hoc
1108 1681 1171 1730 au-

126 1794 244 1866 ctore,
270 1783 375 1877 cujus
396 1782 443 1854 de
461 1781 679 1876 pathogouia
695 1783 945 1876 interpretatio
965 1768 1064 1853 omni
1087 1782 1169 1855 lau·

126 1906 172 1978 de
198 1907 308 2002 digua
341 1919 406 1979 est.
466 1909 545 1979 Non
572 1931 615 1977 ex
650 1905 822 1998 chymicis
852 1887 1056 2001 principiis,
1095 1933 1170 1979 non

125 2054 170 2100 ex
189 2031 423 2115 humoribus,
447 2055 572 2105 verum
595 2038 646 2101 'er
669 2031 747 2124 ipso
775 2032 954 2125 principio
979 2031 1099 2114 vitae,
1126 2057 1171 2104 er

122 2156 200 2228 vita
221 2158 406 2250 organica,
432 2155 638 2250 vegetation
658 2155 774 2226 morbi
796 2155 903 2226 initia
924 2156 1109 2249 repetivit.

128 2320 131 2328 .
171 2279 278 2351 Nisus
310 2280 543 2362 formativus,
578 2280 770 2351 instinctus
800 2279 1007 2370 organicus,
1040 2281 1170 2369 plexus

8 2416 12 2423 '
120 2401 246 2475 solaris
280 2427 545 2500 nervorumque
575 2403 899 2501 sympathicorum,
930 2401 1170 2497 plusticcrum

47 2545 51 2550 ·
119 2550 271 2600 munera
292 2530 471 2625 principia
489 2543 593 2612 sunt,
617 2528 750 2624 quibus
768 2527 898 2598 nititur
913 2527 1054 2600 theoria
1070 2533 1170 2605 Hau

117 2672 243 2725 uorrrr
278 2677 361 2727 cum
400 2655 670 2751 physiologica,
705 2663 783 2723 tum
820 2650 1078 2745 pathologica:
1122 2680 1169 2731 ac

114 2778 417 2872 quemadmodum
451 2781 677 2851 Pmrcrrsus
717 2776 895 2870 spectavit
935 2776 1182 2868 potissimum·

104 2900 298 2976 bominem
316 2901 443 2972 muudi
467 2905 583 2973 civem
602 2916 641 2974 et
663 2902 835 2986 incolam
861 2901 914 2981 sic
933 2900 1168 2978 Humosrms

115 3025 298 3097 hominem
326 3026 522 3099 internum·
540 3027 802 3121 contemplatus
832 3036 905 3105 est,
940 3025 1168 3117 gaudentem

95 3151 406 3244 ‘ritaorgauicm
431 3176 501 3223 uec
530 3164 651 3223 tumen
678 3151 819 3245 integra
843 3149 904 3218 illa
931 3172 975 3220 ac
999 3151 1168 3237 illibata,⁴

113 3275 177 3346 sed
201 3277 283 3358 tali,
308 3277 424 3371 qualis
443 3301 520 3348 csse
538 3277 652 3347 debet
674 3277 713 3346 in
732 3299 899 3369 corpore,
923 3275 1023 3369 quod
1047 3300 1072 3346 a
1093 3280 1171 3372 pri·

114 3401 207 3471 stiua
226 3422 465 3501 germanaque
488 3396 608 3473 indole
626 3424 668 3471 ac
684 3399 907 3494 perfectione
929 3398 1081 3472 deiecit.

398 3615 866 3740 Quansrronas

164 3899 195 3970 1.
230 3899 436 3986 Iudicctur‚
469 3900 558 3996 quid
580 3893 789 3977 Prmcamo
807 3899 975 3974 debuerit
991 3901 1165 3978 Humor-

226 4044 311 4095 aros.
