2550 5040
335 391 475 479 numer
498 391 898 455 morunomsnrsmn
1079 398 1137 492 „ss

84 560 263 638 &ct-:nom
292 567 585 662 aequiparandus.
634 569 722 641 Nem
746 581 789 641 ut
822 572 954 644 Cremo
978 566 1134 670 Greeoo·

21 711 27 722 ·
81 708 177 759 rum
189 690 449 784 philosophiam
461 715 503 762 ao
516 693 653 762 litteras
663 694 790 764 latinos
808 694 912 776 lecit,
926 705 969 765 nt
979 695 1025 766 de
1043 698 1133 766 mul·

81 808 140 878 tis
165 813 271 883 rebus
300 825 338 883 et
358 815 454 884 varie
481 817 623 910 scripsit
642 826 680 886 et
700 829 842 899 ornate,
869 841 939 897 uec,
956 801 1154 891 novarum·

84 927 169 1006 tuit
188 961 305 1010 rerum
326 937 510 1033 inventor,
537 940 599 1009 sed
622 941 816 1033 priscarum
838 965 973 1036 aequus
994 951 1032 1012 et
1058 942 1133 1014 elo·

93 1076 181 1144 gans
207 1061 344 1153 judex,
371 1061 422 1131 sic
450 1061 577 1132 Cursus
599 1074 636 1132 et
661 1061 922 1155 philosophiam
944 1066 1052 1137 variis
1080 1067 1133 1138 lo·

100 1178 150 1252 eis
171 1185 340 1255 tractavit
361 1196 400 1255 et
424 1183 641 1260 Graecorum
667 1185 882 1255 medicinam
911 1209 994 1257 cum
1019 1187 1134 1260 medi·

105 1305 178 1378 nina
212 1309 452 1381 Romanorum
489 1308 675 1403 conjunxit
706 1306 864 1404 veruque
888 1332 910 1379 u
938 1308 1036 1382 salsis
1067 1321 1132 1384 ent

102 1430 215 1503 dubiis
244 1457 432 1503 secernens
455 1415 661 1528 optimaque
682 1431 832 1526 seligens
843 1419 1020 1505 ‘eclectioi
1048 1450 1131 1528 pern·

104 1581 218 1628 sonum
239 1557 420 1628 sustinuit
468 1557 606 1628 Horum
623 1568 745 1628 autern
765 1557 921 1628 virorum
938 1580 1001 1650 pur
1020 1568 1130 1652 atquo

98 1682 324 1751 inventorum
340 1679 419 1751 laus
439 1690 503 1751 est
551 1681 676 1776 Neque
694 1681 788 1770 enim
806 1704 900 1750 novo
917 1690 1057 1752 tuntum
1077 1679 1132 1751 iu·

93 1806 288 1885 veniendo,
314 1824 438 1875 rerum
458 1805 605 1875 invente
622 1829 766 1899 quoque
779 1803 1012 1899 dijudicando
1029 1813 1131 1898 epte·

11 2002 42 2047 Α
91 1954 167 2026 que
187 1927 409 2022 disponendo
429 1927 560 1999 artium
571 1911 870 2023 scientiarumque
888 1950 1032 1998 caussae
1047 1942 1154 2028 eous.

84 2055 248 2127 -suliturz
273 2051 312 2120 in
334 2075 406 2143 quo
427 2051 574 2146 quidem
600 2052 720 2121 labore
752 2052 783 2122 si
800 2050 954 2121 minores
974 2051 1129 2144 ingenii.
1184 2033 1188 2042 ¹

88 2179 248 2270 majores
266 2182 363 2244 certe
382 2174 531 2244 rationis
550 2173 737 2267 etjudioii
759 2180 878 2269 partes
899 2186 993 2244 sunt.

83 2336 104 2349 -<
142 2301 213 2393 Qui
235 2297 281 2368 od
298 2321 361 2366 nos
379 2310 620 2390 pervenerunt
640 2272 743 2371 Cnnsr
761 2299 807 2369 de
832 2297 1009 2369 medicina
1025 2296 1128 2380 libri,

86 2427 118 2497 ii
147 2447 226 2519 pars
253 2421 428 2492 duntaxat
456 2423 576 2516 magui
607 2423 724 2515 operis
754 2433 854 2504 sunt,
885 2445 957 2517 quo
988 2432 1130 2514 praeter
1227 2459 1233 2465 -

89 2573 198 2630 eam,
234 2546 470 2661 rhetoricam,
506 2544 792 2639 philosophiam,
825 2569 900 2616 rem
936 2544 1131 2652 militarem

89 2672 296 2765 complexus
332 2680 403 2740 est:
451 2693 473 2738 s>
493 2666 622 2760 diguus
662 2669 720 2739 vel
761 2693 804 2739 eo
836 2667 1039 2762 proposito,
1078 2644 1131 2741 ita

78 2799 369 2890 wunnerus,
405 2803 447 2864 ut
484 2815 567 2864 eum
611 2793 730 2867 omniu
764 2791 825 2865 illa
863 2790 970 2865 scisse
1005 2789 1130 2877 ereda·

86 2922 204 2993 mus.’

142 3045 228 3115 Erat
259 3042 370 3136 igitur
400 3066 489 3137 opus
509 2992 598 3112 illud
629 3040 674 3114 de
696 3042 832 3115 artibus
854 3039 1131 3138 eneyolopuedin
1235 3030 1239 3037 ’

87 3168 287 3266 quaedam,
305 3166 510 3238 uuiversum
531 3166 835 3261 comprehendens
848 3189 975 3262 eorpus
995 3163 1130 3242 doetri-

87 3314 228 3364 narum.
278 3278 325 3361 In
352 3292 418 3373 iis,
442 3292 507 3386 qui
536 3302 742 3385 supersunt,
769 3302 851 3362 ooto
880 3293 926 3360 de
948 3286 1131 3360 medicina
1215 3360 1217 3369 ,

84 3418 192 3488 libris
214 3415 616 3510 partimsflrrroorrruu
635 3392 780 3486 secutus
797 3427 871 3496 est.
897 3413 1028 3508 partim
1044 3410 1135 3490 Ale·⁴

74 3539 283 3643 xnndrinos
310 3539 489 3619 medicos,
523 3539 654 3633 partim
685 3536 939 3609 Asutnrmneu
972 3536 1132 3630 aliosque

88 3663 260 3775 atque
223 3676 301 3736 tum
323 3663 369 3734 de
386 3662 527 3742 diaeta,
554 3672 630 3771 tum
647 3661 693 3731 de
716 3660 1027 3754 pharmaceutioa..
1053 3668 1132 3732 tum

85 3787 141 3860 de
169 3787 349 3882 chirurgia
370 3786 533 3881 exposuit
562 3786 672 3880 inque
693 3785 769 3856 huo
799 3784 1007 3879 praesertim
1029 3790 1132 3877 parte

86 3911 193 3984 omni
219 3910 327 3982 laudo
347 3909 578 4008 dignissimus
607 3922 670 3980 est.
721 3909 803 4002 Ipse
833 3933 906 3979 non
928 3907 1037 3985 luisse
1061 3928 1134 3981 me·

65 4034 196 4118 -dious
213 4034 507 4133 ertilex‚dioitur.
558 4033 651 4106 Satis
676 4045 797 4107 tumen
820 4055 902 4107 oum
926 4031 1133 4109 observasse
