2566 5040
427 108 844 173 PARACEhSUS.
1104 111 1160 171 187

119 289 237 371 areeri
260 297 299 360 et
317 283 428 358 semel
448 285 677 381 corporaliter
701 286 888 359 eonditum
903 308 927 357 a
945 286 1045 359 nullo
1067 286 1155 370 ulio,

112 436 227 514 qrmm
242 411 291 485 ab
313 421 401 483 ente.
420 410 583 494 seminis,
607 412 698 482 eitra
716 434 858 483 omnem
876 421 1052 483 astrorum
1074 434 1158 489 oon,

116 561 284 621 eurtum,
318 533 472 609 [ormari.
531 531 567 603 Α
593 534 671 605 Deo
696 547 817 605 autem
847 557 910 606 ens
934 533 1079 607 seminis
1104 534 1159 605 ita

113 672 400 746 steatomata,
424 670 469 731 ut
497 680 619 729 omnes
640 658 779 753 speeies
807 659 994 731 hominum
1016 659 1160 753 impleri

113 808 266 861 neeesse
282 783 343 872 sita
369 804 548 879 quaeque
565 792 724 877 tempore
741 783 903 877 expletae
920 795 1046 866 erunt,
1072 807 1160 857 vera

118 921 223 985 aeus
238 905 392 979 desinet.
438 904 501 977 ab
525 917 610 978 ente
631 903 776 977 seminis
793 904 927 1002 pariter
944 908 1043 978 nasei
1068 931 1162 979 mor·

118 1035 210 1119 bum
235 1030 437 1104 arbitratus
471 1040 544 1112 est,
577 1051 697 1124 neque
728 1030 775 1103 ab
809 1029 1021 1102 humoribus
1060 1030 1160 1116 fieri,

117 1156 186 1241 aed
214 1155 293 1230 viro
332 1175 410 1225 esse
448 1152 744 1247 comparandum,
779 1154 920 1238 idest,
953 1154 1162 1248 organicum

117 1304 199 1359 ease
218 1290 257 1352 ot
276 1289 319 1350 ut
347 1274 483 1347 semina
503 1299 548 1347 ex
567 1299 717 1370 eorpore
738 1281 950 1374 germinare.
994 1281 1096 1351 Haeo
1120 1291 1164 1352 ut

116 1425 286 1479 -eaursam
310 1400 507 1511 proximam
530 1400 647 1473 morbi
671 1413 843 1497 tangunt,
871 1403 924 1477 sio
946 1415 1165 1477 remotarum

121 1550 331 1604 eauasurum
367 1525 490 1620 posuit
527 1549 659 1620 genera
700 1527 880 1623 quinque:
929 1552 994 1605 ene
1034 1529 1165 1599 astrale

121 1653 278 1747 (airam,
306 1649 466 1732 eoelum,
499 1649 619 1743 olima)
651 1673 716 1720 ens
746 1652 878 1723 veneni
906 1649 1077 1746 (ingestaz
1104 1651 1168 1722 ali·

123 1788 263 1860 menta,
288 1774 497 1870 potulenta,
529 1777 682 1868 tenena)
711 1798 774 1847 ens
801 1776 966 1849 naturale
995 1775 1167 1870 (eorporis

124 1914 246 1999 partes
261 1897 481 1990 aberrantes)
497 1921 562 1969 eus
576 1878 762 1990 spirituale
780 1896 936 1988 (caussas
954 1901 1163 1996 phyehieas)

125 2051 190 2101 eus
208 2025 294 2099 Dei:
317 2033 495 2118 quatenus
512 2021 656 2094 morbus
674 2021 874 2116 flagellum,
898 2027 1164 2121 purgatorium:

128 2175 198 2247 quo
218 2147 364 2219 nornine
382 2146 492 2240 igitur
514 2146 766 2239 intelliguntur
788 2150 993 2222 morborum
1017 2174 1164 2224 caussae

126 2297 233 2371 supra
251 2283 427 2344 naturam.

172 2398 339 2493 Quatuor
355 2396 582 2471 Platamos
593 2392 794 2466 medicinae
805 2397 988 2469 oolu'mnas
1000 2400 1075 2469 sive
1088 2398 1169 2470 luu-

126 2520 295 2596 damenta
305 2521 450 2593 statuit:
465 2518 743 2613 philosophiam,
757 2523 1026 2604 astronomiam,
1047 2523 1167 2618 alehy.

120 2650 235 2731 mium
245 2657 283 2718 et
296 2644 429 2715 mediol
440 2646 620 2717 virtutem.
669 2643 1012 2737 Perphilosophiam
1027 2647 1169 2740 potissi-

117 2790 225 2845 mum
237 2766 453 2842 intellexisse
469 2767 613 2839 videtur
623 2765 833 2860 biologiam‚
858 2767 934 2839 sire
945 2780 1097 2842 naturae
1112 2797 1169 2843 or-

113 2897 276 2993 ganicae
295 2892 484 2964 seientiam
490 2921 501 2977 3
520 2915 585 2988 per
603 2893 855 2962 astronomiam
868 2894 1054 2966 seientiam
1074 2899 1168 2969 aeris

111 3035 166 3095 et
176 3029 418 3091 meteororum
427 3041 437 3103 3
453 3039 517 3110 per
529 3014 739 3110 alebymiam
749 3027 863 3087 artem
875 3021 1064 3111 separandi
1077 3023 1168 3093 utile

104 3147 175 3227 ab
194 3141 341 3222 inutile.
358 3139 493 3212 bonum
508 3141 646 3220 amalo,
662 3139 940 3234 quintessentias
950 3167 1070 3216 rerum
1081 3170 1170 3218 are·

115 3267 239 3366 liquis
256 3264 418 3360 partibus
436 3262 743 3358 praeparandique
770 3288 908 3337 areana.
958 3269 1168 3364 Exemplum

115 3389 239 3487 hujus
253 3386 489 3482 separationis
503 3386 653 3481 praebet
665 3398 795 3458 natura
808 3388 1068 3484 indigestionis
1082 3421 1167 3490 ope-

116 3511 1169 3610 xe‚'quoareheus‚-eivealehymistainternusinalimento

121 3650 272 3734 eepurat
296 3637 480 3707 materiem
510 3635 667 3708 alibilem
691 3637 923 3724 elaeeibusr.
941 3641 1105 3714 similiter
1128 3647 1167 3717 in

124 3763 268 3843 telluris
287 3763 422 3859 gremio
443 3763 626 3857 eomponit
655 3785 697 3833 ae
725 3761 833 3834 struit
855 3774 985 3839 natura
1013 3737 1168 3840 minera-
