2566 5040
467 395 755 456 fluebant.
1112 398 1133 460 ⁵

137 553 306 665 Vulgaris
327 568 449 665 opinio
473 569 564 664 fert,
583 573 728 666 Moysen
754 570 997 645 Hebraeorum
1024 572 1129 668 fegis-

87 697 243 769 latorem
262 696 358 788 leges
374 715 456 764 suas
474 717 668 786 omnesque
686 718 805 766 rerum
825 696 1060 768 humanorum
1080 722 1123 769 ao
1162 674 1169 689 ⁸
1214 712 1221 730 ’

86 823 297 894 divinarum
322 816 508 887 seientiam
539 817 584 886 ab
605 817 780 910 AEgyptiis
815 821 972 912 petiisse.
1021 820 1125 911 Quae

16 956 18 963 '
88 934 216 1039 opinio
235 963 344 1036 quam
361 952 467 1011 eaute
484 963 527 1010 ao
545 940 801 1034 oiroumspeete
818 943 865 1012 sit
884 942 1126 1026 admittenda,

88 1067 248 1163 probant
274 1064 465 1160 utriusque
494 1064 611 1160 gentio
639 1063 802 1158 opposita
826 1063 964 1136 indoles
987 1090 1029 1136 ae
1053 1090 1128 1137 mo·

86 1215 159 1264 res.
206 1168 334 1284 'Neque
361 1187 458 1259 onim
484 1186 656 1259 Hebraeis
684 1198 762 1259 erat
792 1188 903 1259 tristis
928 1189 988 1259 itte
1012 1213 1056 1260 ae
1075 1214 1129 1261 se·

88 1338 200 1388 verus
223 1311 333 1384 animi
356 1309 517 1392 habitus,
551 1311 616 1407 qui
639 1311 839 1406 AEgyptiis,¹
858 1335 983 1385 rerum
1010 1314 1128 1385 laetus

86 1439 289 1532 hilarisque
304 1457 498 1530 eorumque
515 1435 629 1504 omnis
643 1434 718 1530 vita
730 1427 860 1506 festum
872 1447 965 1518 erat,
991 1436 1127 1506 musico

85 1575 202 1661 atque
234 1561 337 1657 poesi
365 1568 550 1639 ornatum,
582 1580 677 1652 quae
698 1570 741 1628 ut
771 1559 866 1632 inter
890 1559 993 1661 ipsos
1023 1557 1128 1629 flore-

86 1687 197 1769 bant,
228 1685 282 1756 sio
322 1684 418 1754 inter
443 1680 625 1777 AEgyptios
656 1680 918 1768 architectura,
955 1682 1129 1754 Hebraeis

85 1809 275 1904 ineognita
304 1803 391 1877 fere.
444 1803 520 1874 Neo
547 1800 688 1875 Judaea
709 1804 835 1902 Regio,
868 1817 912 1876 ut
934 1807 1125 1902 AEgyptus,
1171 1818 1178 1828 ”

84 1934 258 2032 planities
287 1940 386 2010 erat,
414 1925 587 1998 sabulosis
610 1927 760 2000 desertis
788 1940 889 2024 septa
910 1941 951 2002 et
970 1931 1127 2015 inclusa,

84 2056 154 2131 sed
175 2053 410 2152 gratissimam
433 2047 592 2120 habebat
617 2049 778 2121 locorum
798 2063 839 2124 et
854 2053 1041 2148 regionum
1067 2080 1130 2126 ra·

85 2181 277 2253 rietatem:
313 2175 459 2250 vallium
490 2183 531 2244 et
553 2171 784 2267 planitierum
819 2189 857 2251 et
879 2179 1055 2249 montium
1088 2191 1129 2252 et

86 2306 268 2403 sylvarum
290 2315 331 2374 et
348 2308 549 2396 pratorum:
581 2317 651 2366 nee
676 2298 873 2391 sepulchris
900 2314 979 2373 erat
1005 2315 1041 2374 et
1066 2327 1128 2398 py-

86 2420 290 2494 ramidibus
316 2433 430 2504 teoto,
457 2420 520 2493 sed
546 2417 716 2503 urbibus,
750 2421 904 2516 oppidis,
929 2438 1129 2522 pastorum·

84 2568 162 2642 que
191 2544 375 2641 gregibus,
400 2543 588 2616 arboribus
618 2541 797 2638 frugiferis
824 2545 1000 2643 laetisque
1027 2551 1130 2621 vine·

84 2681 208 2742 tarum
240 2681 280 2740 et
307 2668 482 2740 olivarum
510 2668 698 2740 frondibus
728 2667 908 2764 hilarique
941 2670 1126 2744 homiuum

83 2792 183 2868 festa
200 2774 469 2881 'eelebrentium
494 2793 611 2864 turba.
659 2791 808 2886 ipsique
832 2784 954 2883 ¹gentis
981 2796 1127 2868 annales

81 2941 161 2989 non
193 2914 426 3012 mythologioi
455 2915 524 2998 itti,
559 2915 623 2988 sed
654 2913 817 2985 historioi
845 2912 1126 3010 antiquissimam

82 3040 368 3133 oomploetentee
396 3039 523 3110 mundi
555 3037 866 3136 institutionisque
886 3037 1030 3113 divinae
1054 3044 1127 3134 hisq

84 3162 217 3236 loriam

370 3350 841 3427 consacraaru
970 3363 972 3367 ⁴

156 3555 189 3626 1.
238 3552 327 3624 Erat
344 3551 592 3626 Hebraeorum
614 3554 793 3626 medicina
812 3577 869 3625 res
890 3575 997 3624 saera.
1075 3535 1081 3559 ¹

131 3678 189 3750 11.
237 3675 351 3770 Cujus
372 3678 566 3773 praecipua
587 3703 630 3750 ao
646 3679 818 3773 ‘primaria
838 3699 919 3771 pars
942 3676 1144 3754 distetiea,

111 3803 193 3877 ΙΙΙ.
220 3801 395 3897 Quaeque
423 3810 466 3870 ut
490 3799 712 3897 intelligatur
742 3824 785 3871 ao
804 3800 874 3871 rite
897 3803 1125 3890 aestimetur,

228 3935 316 3997 ante
341 3904 475 3994 omnia
509 3923 746 4000 institutionis
780 3921 924 3998 divinae
961 3925 1128 4002 habenda
1169 4017 1177 4031 „

230 4051 324 4124 ratio
345 4056 412 4118 est.
