2550 5040
255 437 256 441 ¹
305 430 461 488 cremor
480 432 695 490 unorcrnan
715 434 929 496 consonus.
1070 394 1134 494 'ta

20 606 201 702 ‘periti
240 617 368 688 artem
397 607 580 688 facerent,
621 611 800 679 institutio
836 612 897 681 ad'
920 587 1134 683 medicinam

27 727 334 824 praescripta,
360 753 482 801 cursus
510 733 709 804 studiorum
730 735 960 828 praefinitus,
983 730 1134 808 facultas

34 856 233 924 medica
254 854 417 934 condita,
445 867 626 926 anatomes
647 858 806 928 studium
832 861 1067 931 instauratum
1087 860 1134 930 si'-

36 979 280 1080 miliaque,
307 979 344 1046 in
369 979 500 1072 quibus
524 992 562 1050 et
585 981 794 1072 disciplinae
827 982 1067 1055 Academicae
1097 997 1134 1055 et

50 1103 222 1190 gradus
246 1101 451 1172 doctoratus
482 1116 519 1174 et
551 1107 719 1198 politeiae
750 1106 911 1178 medicae
939 1109 1132 1201 prim'or'dia

51 1226 275 1318 adparent.
326 1205 524 1298 llledicinae
547 1231 665 1301 studia
684 1232 781 1325 quod
801 1234 951 1330 attinet,
979 1235 1133 1304 tironem

55 1348 281 1440 oportebat
298 1350 433 1443 logicae
448 1374 522 1445 per
532 1353 726 1423 triennium
736 1378 879 1448 operam
896 1355 1001 1435 dare,
1017 1356 1135 1448 prius·

57 1495 198 1564 quam
234 1474 279 1543 ad
310 1476 523 1545 medicinam
555 1477 739 1549 transibat.
789 1481 944 1573 Tempus
971 1480 1132 1574 quinque
1214 1459 1218 1465 ⁶

64 1619 262 1671 annorum
296 1601 341 1670 ad
370 1601 570 1672 medicinae
604 1602 723 1672 studia
750 1606 1009 1697 praescriptum
1034 1616 1131 1687 erat,

61 1743 161 1812 quo
179 1726 343 1796 doctores
361 1725 546 1805 audiendi,
572 1728 811 1799 Hirrocnans
831 1740 870 1797 et
889 1726 1033 1800 Gaurnu.
1045 1729 1132 1798 scri·

72 1858 152 1935 pta
180 1851 460 1942 interpretantes
485 1861 558 1917 tam
580 1849 796 1932 theoretica,
822 1876 929 1945 quam
958 1854 1128 1946 practica.

74 1969 170 2061 Quo
200 1985 346 2067 peracto
368 1974 414 2042 ad
443 1972 604 2073 examina
628 1997 701 2043 non
730 1976 1033 2058 admittebantur,
1059 1980 1131 2048 uisi
1168 2040 1172 2051 .

80 2113 153 2183 per
187 2121 321 2168 annum
352 2074 529 2189 integrum
560 2121 644 2166 eum
674 2101 822 2169 consilio
852 2100 985 2171 medici
1021 2104 1130 2196 periti

80 2227 204 2339 aegris
214 2220 444 2294 medicinam
462 2219 654 2293 fecissent.
716 2224 875 2294 Tandem
906 2227 1128 2296 examinibus

78 2348 228 2432 probati
255 2345 493 2440 jurejurando
518 2347 797 2440 pollicebantur,
832 2372 869 2417 se
895 2349 991 2442 leges
1013 2351 1128 2442 regias

79 2464 133 2538 de
160 2471 341 2542 medicina
369 2481 589 2551 servaturos,
624 2469 920 2551 denuntiaturos,
958 2472 1011 2541 si
1021 2473 1128 2565 phar·

78 2597 291 2691 macopolae
302 2594 562 2665 medicamenta
578 2619 651 2665 non
671 2591 763 2665 bone
783 2594 1021 2676 confecerint,
1038 2598 1127 2689 paui

76 2722 230 2800 peribus
255 2730 368 2790 artem
394 2720 502 2812 gratis
525 2720 691 2788 facturos.
843 2725 847 2729 ’

111 2867 114 2871 ’
134 2841 275 2917 Nemini
293 2855 412 2914 autem
432 2843 555 2924 licuit,
582 2842 796 2913 medicinam
816 2867 982 2914 exercere
1001 2843 1039 2914 in
1053 2867 1125 2915 om-

68 2963 192 3042 nibus
212 2968 316 3040 terris
331 2969 515 3049 Romanis,
534 2969 603 3037 nisi
621 2939 774 3048 Salerni,
801 2979 865 3038 aut
882 2969 1028 3063 Neapoli
1046 2979 1125 3063 pro'·
1195 3031 1198 3037 .

65 3077 177 3168 bato.
228 3093 409 3164 Medicum
438 3092 643 3187 oportebat,
670 3115 793 3184 aegros
822 3089 891 3163 bis
909 3092 970 3162 die
1005 3117 1125 3186 aegro-

61 3226 153 3298 que
187 3217 395 3313 requirente
427 3218 534 3287 semel
566 3228 679 3287 noctu
717 3215 887 3296 visitare,
927 3196 1126 3288 constitutit

53 3343 145 3415 Pro
173 3343 322 3435 singulis
347 3341 614 3412 visitationibus
635 3341 799 3435 pecunia,
848 3341 987 3412 Nullam
1013 3341 1126 3410 socie-

51 3455 196 3540 ta'lem
216 3490 299 3537 cum
316 3467 596 3560 pharmacopolis
615 3466 755 3536 medico
776 3464 867 3534 inire
886 3465 1032 3546 licebat,
1058 3489 1123 3534 ne·

43 3594 153 3666 que
174 3591 335 3684 proprias
355 3591 489 3662 habere
511 3592 712 3685 apothecas.
753 3590 846 3682 Lege
868 3613 1011 3685 quoque
1039 3613 1122 3660 cau·

45 3699 163 3783 tum
182 3726 255 3795 est,
281 3726 323 3784 ut
338 3715 537 3787 medicinae
555 3714 665 3809 probe
686 3715 966 3794 conficerentur,
992 3694 1121 3782 secun·
1191 3803 1198 3821 ·

39 3815 173 3907 dum
199 3839 432 3932 praescriptas
462 3835 600 3934 regulas
631 3825 803 3933 erantque
829 3839 966 3909 Salerni
990 3862 1013 3906 a
1031 3837 1122 3932 phy-

43 3946 173 4030 *icis
193 3958 451 4057 adprobandae.
501 3963 712 4056 Apothecae
741 3966 778 4033 in
802 3963 1015 4058 quibusdam
1045 3976 1123 4035 tan·

52 4071 172 4153 tum
187 4086 393 4162 civitatibus
414 4090 607 4161 exstabant.
642 4090 813 4184 Clrirurgo
833 4113 906 4160 non
920 4089 1050 4160 licebat
1066 4111 1122 4162 atr·
