2566 5040
40 347 42 351 ’
110 371 170 435 232
394 370 874 431 stnenstnna.

117 557 236 639 partes
259 541 379 613 nervis
404 555 583 628 carentem
611 555 757 614 cunetas
784 555 1009 636 vorot-qnae
1039 548 1154 618 nervis

119 669 304 763 praeditae
330 678 431 746 sunt,
459 677 496 736 et
518 692 657 737 sensum
687 669 818 737 habere
839 679 877 737 et
898 668 1019 738 dolere
1043 671 1154 740 irrita·

120 806 194 876 tas3
220 792 355 862 sontem
372 813 523 868 ,omnem
550 791 756 860 sensilitatis
775 797 817 861 'et
839 793 1051 862 acerrimum
1075 819 1153 864 sen·

118 941 196 988 sum
222 917 260 985 in
283 938 394 985 nervo
419 937 512 994 esse,
539 916 648 1008 inque
671 938 782 984 nervo
805 915 920 984 solam
944 913 1152 1003 medullam

118 1065 202 1111 nam
231 1062 342 1107 nervo
368 1060 584 1130 compresso,
611 1038 795 1120 revincto,
830 1051 991 1121 resecto,
1017 1062 1154 1110 omnem

115 1162 315 1257 apartibus
334 1161 456 1231 abesse
479 1185 632 1246 sonsum.
940 1244 947 1256 ι

163 1289 263 1359 Haeo
291 1299 478 1380 postquam
511 1308 637 1378 magna
660 1287 983 1379 experimentorum
1011 1287 1049 1360 vi
1080 1311 1179 1380 pro·x

115 1411 253 1491 basset,
280 1409 325 1478 ad
349 1410 495 1477 alteram
516 1410 738 1503 quaestionis
764 1413 902 1501 parterii
925 1411 1087 1492 aceedit,
1110 1411 1151 1480 ad

80 1514 83 1521 .
118 1534 294 1605 irritabile
319 1533 489 1605 videlieet
513 1532 781 1622 explicandum,
816 1533 1080 1614 demonstrans,
1106 1558 1153 1604 ro.

118 1682 199 1728 rum
229 1656 401 1726 adhibitis
433 1658 664 1734 testimoniis,
690 1633 768 1726 hoo⁸
781 1657 834 1727 ita
856 1681 877 1726 a
900 1659 1073 1728 sensibili·
1091 1658 1153 1729 dit·
1176 1755 1178 1760 Ι

117 1783 231 1862 forre,
266 1792 308 1850 ut
343 1791 380 1848 et
414 1791 532 1871 partes
561 1779 633 1849 sint
659 1767 829 1874 perqriam
866 1782 1031 1863 sensiles,
1066 1805 1153 1875 quae

117 1906 215 1976 omni
239 1903 482 1974 irritabilitate
500 1896 598 1974 ‘sunt
623 1905 819 1975 destitutae
845 1917 883 1975 et
902 1916 1020 1999 partes
1041 1904 1154 1974 irrita-

120 2030 228 2111 biles,
263 2028 396 2121 absque
422 2053 547 2115 sensu3
571 2053 690 2122 neque
717 2030 755 2097 in
772 2029 897 2099 eadem
908 2027 1058 2105 ,ratione
1084 2052 1154 2099 esse

116 2152 399 2222 irritabilitatem
429 2164 466 2222 at
496 2177 632 2253 sensus
653 2176 822 2237 acumen:
856 2175 1050 2231 nervorum
1084 2175 1155 2222 oor·

117 2274 247 2366 disque
266 2264 436 2368 exemplo.

63 2453 65 2458 -
116 2441 121 2453 ³
167 2399 255 2469 Esse
274 2412 394 2468 autem
422 2401 699 2472 irritabilitatem
722 2404 907 2474 vimillam
928 2400 1101 2472 musculis
1124 2412 1158 2471 et

120 2525 331 2594 musculosis
351 2526 512 2617 partibus
533 2529 727 2618 propriam,
753 2552 824 2623 qua
844 2540 881 2598 et
897 2527 1042 2598 brevior
1062 2525 1105 2596 fit
1123 2536 1160 2595 et
1180 2615 1184 2621 .

122 2650 442 2734 tumetpmusoulus
473 2650 634 2745 finesque
656 2653 702 2721 ad
731 2676 767 2722 se
796 2653 952 2721 invicem
983 2650 1161 2719 accedunt

22 2770 25 2778 “
121 2785 160 2844 et
189 2786 378 2846 moventur
410 2786 530 2866 partes
563 2799 731 2846 annexae.
780 2778 854 2847 Neo
884 2787 1005 2844 tamen
1038 2796 1161 2867 parom

59 2900 61 2903 ’
121 2921 199 2968 esse
215 2898 353 2966 eunetis
367 2899 537 2967 musculis
556 2900 648 2969 hane
664 2901 802 2979 dotem,
830 2922 954 2969 verum
974 2898 1161 2967 maximam

122 3020 248 3099 oordi,
297 3021 381 3090 inde
424 3022 626 3103 intestinis,
665 3024 953 3116 diaphragmati,
989 3023 1164 3122 minorem

120 3145 292 3216 musculis
316 3146 547 3234 voluntariis3
572 3148 851 3242 nequoelateris
875 3149 1044 3230 similem,
1070 3169 1163 3241 quae

120 3272 309 3340 duriorum
345 3293 531 3361 corporum
570 3284 643 3352 est,
679 3295 797 3366 neque
834 3273 871 3341 in
908 3273 1011 3365 parte
1045 3282 1166 3339 terrea

1 3454 3 3457 .
43 3481 45 3486 ,
121 3396 290 3474 haerere,
324 3393 387 3462 sed
417 3394 454 3463 in
483 3396 638 3486 geletina
667 3396 742 3466 sive
775 3396 930 3488 glutine;
965 3416 1087 3488 neque
1120 3391 1166 3464 ab
1200 3440 1205 3457 .

120 3521 240 3590 anima
253 3517 436 3599 derivare,
462 3531 528 3587 aut<
546 3519 738 3589 voluntatis
754 3520 903 3612 imperio
921 3519 1011 3611 regi,
1039 3538 1167 3588 verum

122 3668 200 3716 eam
221 3667 298 3712 essa
316 3641 427 3715 fibrae
449 3643 659 3712 muscularis
677 3644 951 3741 proprietatem,
977 3665 1051 3736 qua
1071 3651 1169 3711 taeta

19 3778 21 3782 '
120 3781 159 3838 et
187 3766 354 3839 lacessita
386 3790 423 3836 se
456 3768 693 3859 oonstringat,
728 3768 913 3837 oui-nulla
945 3765 1168 3858 adsignanda

123 3914 265 3970 oaussa,
294 3901 336 3960 ut
353 3890 452 3960 nulla
472 3891 548 3960 sive
571 3890 811 3971 attractionis,
834 3912 898 3960 sou
920 3890 1109 3984 gravitatis
1129 3890 1167 3967 in

115 4013 271 4106 ,materie
291 4014 507 4111 adsignatur.
824 4013 827 4016 ’
