2566 5040
656 232 664 260 i

668 274 676 307 l

129 388 193 454 ²112
285 461 288 466 ,
378 391 439 450 nrt
472 391 712 451 stantem
746 389 951 451 ARABUM.
1002 428 1006 432 -

126 581 228 647 sares
256 591 298 637 ac
330 567 434 640 dotes
470 570 673 665 gradusque·
712 543 951 639 remediorum
988 567 1175 641 subtiliter

130 693 359 788 explicantes.

124 850 140 865 .„
180 819 279 889 Ante
295 816 383 890 alios
399 838 485 888 sero
502 816 725 888 celeberrimi
743 818 838 888 inter
856 815 997 888 Arabes
1012 817 1173 890 modicos

123 943 237 1014 inere
263 940 488 1037 quatuorviri
519 942 681 1023 Rnsztts,
722 943 928 1023 Avrcasm,
972 943 1171 1014 Avattzoatr

115 1079 170 1137 ct
192 1067 420 1159 Arpannois.

131 1198 140 1240 “-
177 1191 225 1263 Et
243 1187 384 1261 Ratzas
400 1188 547 1284 quidem
567 1190 769 1264 Oaraasmu
787 1191 948 1261 imitatus
966 1201 1004 1260 et
1022 1187 1171 1261 Aesrnu

80 1405 81 1408 Ἴ
123 1315 418 1408 compilationem
447 1314 588 1408 scripsit
611 1340 654 1385 er
682 1317 781 1386 hisce
801 1328 839 1385 et
866 1315 988 1385 Panto
1013 1326 1051 1383 et
1074 1314 1172 1385 anti·

56 1477 58 1479 >
127 1438 314 1534 quietibus
351 1439 581 1508 Hn’rocnsra
608 1429 651 1508 ac
683 1439 829 1514 Gaiano
858 1439 1009 1518 factam,
1032 1437 1171 1532 inqua

124 1564 176 1634 de
198 1551 403 1633 morborum
418 1562 527 1654 signis
550 1540 680 1657 pauca,
694 1563 752 1633 de
778 1563 968 1632 medicinis
987 1586 1075 1634 sero
1092 1563 1171 1654 plu·

129 1687 219 1757 rima
246 1686 491 1780 teperiuntur,
522 1689 621 1757 miris
647 1688 877 1781 interpositis·
891 1675 1044 1757 subinde
1067 1685 1169 1757 theo

128 1808 324 1883 somatibus
371 1812 618 1908 subjectisque
656 1811 859 1883 morborum
900 1809 1167 1890 curationibus:

127 1936 226 2032 quod
254 1960 326 2006 non
358 1948 497 2007 tantum
525 1938 682 2032 reliquos
709 1935 869 2017 morbos,
904 1937 1167 2007 verumetiam

122 2062 280 2152 -variolas
297 2072 336 2130 et
355 2048 553 2143 morbillos,
571 2085 698 2132 novos
724 2060 980 2153 veteribusque
1006 2059 1168 2153 incogni·

124 2195 185 2255 -tos
214 2185 357 2254 attinet.
385 2232 387 2237 -
416 2173 585 2278 Inprimis
616 2196 736 2255 autern
769 2183 879 2277 hujus
905 2183 1090 2275 ingenium
1123 2208 1166 2257 as

121 2283 225 2379 color
252 2307 446 2379 Orientalis
473 2320 669 2380 cernuntur
696 2310 735 2378 in
757 2306 1000 2401 Aphorismis‚
1024 2309 1165 2402 quossi

119 2449 213 2503 oum
221 2431 483 2524 Hippocraticis
495 2430 735 2536 conseramus,
755 2433 945 2527 utriusque
962 2431 1165 2505 medicinas

122 2551 366 2648 discrepantia
386 2559 545 2628 cernitur
562 2567 600 2626 et
616 2567 840 2651 quantopere
857 2554 1082 2626 medicorum
1104 2556 1164 2627 ills

118 2682 289 2751 Sarouon
308 2704 329 2751 a
351 2683 519 2753 Socnsrs-
533 2681 755 2753 medicorum
777 2681 909 2759 distet,
934 2677 1161 2772 intelligitur.

166 2804 243 2875 Ean
265 2802 372 2887 Slus,
405 2828 534 2899 genere
554 2807 681 2888 Persa,
695 2817 814 2876 'natus
838 2829 869 2875 a.
888 2802 978 2876 980:
998 2803 1164 2897 praecoci

117 2921 312 3023 admodum
340 2930 485 3024 ingenio
506 2955 527 3002 a
549 2943 652 3025 patre
675 2930 872 3002 liberaliter
894 2929 1085 3000 institutus
1109 2927 1163 3001 in·

118 3053 190 3151 que
221 3053 346 3126 urbem
377 3053 522 3146 Bagdad
549 3055 751 3148 profectus,
784 3077 867 3124 cum
892 3052 1164 3146 philosophiae,

34 3189 36 3193 ’
118 3190 195 3250 tum
230 3154 432 3248 medicinae
469 3190 650 3250 strenuam
680 3178 829 3248 navavit
869 3199 1045 3279 operam:
1089 3177 1164 3249 Do-

116 3293 262 3380 leitdum
282 3302 445 3383 interim,
471 3292 565 3373 banc
590 3303 857 3373 institutionem
875 3314 1064 3401 ⁷pater-nam
1085 3326 1161 3374 ma·

116 3431 169 3521 gis
189 3430 269 3524 ejus
289 3427 434 3519 ingenio
453 3427 627 3499 doctrinis
644 3425 832 3520 quibusvis
846 3425 1022 3506 ornando}
1048 3449 1159 3521 quam

115 3551 348 3634 emendandis
372 3552 532 3621 moribus
559 3550 753 3645 proluisse,
788 3575 878 3644 quos
903 3553 1075 3643 pessimos
1100 3551 1159 3622 lu·

113 3678 200 3760 isse,
232 3677 424 3749 memoriae
452 3674 635 3770 proditum
665 3687 738 3762 est;
763 3653 879 3768 quare·
902 3673 1158 3766 pervulgatum

14 3843 17 3852 ·
114 3801 159 3870 de
181 3802 242 3875 illo
267 3801 312 3871 iis
335 3801 553 3896 temporibus
573 3801 713 3871 dictum
743 3810 872 3869 exstat:
895 3800 1158 3900 'neque-pbilo-

113 3926 260 4020 sophiac
288 3928 408 3999 studia
439 3925 702 4006 adsimulem,
728 3946 848 4017 neque
880 3923 1083 3997 medicinae
1111 3925 1157 3995 sd
