2566 5040
110 460 113 465 -
133 419 190 484 2⁵0
394 460 397 472 ι
417 420 598 484 curmus-
610 424 662 484 ET
680 423 897 487 romuleus

135 591 278 681 causus,
307 596 436 669 fefellit
468 598 562 682 lore,
588 612 630 671 ut
652 573 717 695 per
743 612 1009 671 eamveterum
1032 597 1079 672 de
1102 599 1175 674 clo-⁴

32 713 49 767 fi
132 724 263 794 mentis
282 721 445 793 doctrina
464 722 607 816 penitus
623 724 902 797 subverteretur.
952 727 1055 796 Hanc
1071 723 1173 796 dein·

133 870 217 942 ceps
236 858 416 942 tamquam
434 847 645 917 emendatae
658 846 814 917 suturam
828 847 1030 920 medicinae
1047 860 1168 920 aucto·

113 993 209 1042 rem
230 972 415 1066 proposuit
429 991 543 1041 norae
562 970 751 1040 doctrinae
767 974 946 1065 apostolus
965 972 1167 1059 romanon

132 1120 240 1191 quam
272 1096 447 1166 theoriam
473 1094 651 1164 medicam
678 1095 717 1164 in
742 1092 858 1168 Gallia
885 1097 1108 1180 armanus,
1132 1096 1169 1168 in

37 1292 40 1296 .
133 1215 329 1293 Germania
349 1220 491 1290 ltmuos
515 1218 789 1288 adornaverunt.
880 1213 889 1221 ’
1010 1219 1015 1230 “

179 1343 395 1413 Praesertim
421 1364 507 1413 vero
530 1340 699 1411 adhibita
724 1341 795 1412 luit
826 1342 971 1437 cbymia‘
995 1350 1170 1437 pneumai

132 1468 216 1539 tica
230 1467 275 1536 ad
300 1444 548 1559 respirationis*
568 1488 771 1560 processum
802 1465 1052 1560 explicandum
1076 1489 1168 1538 cum·
1205 1479 1207 1487 ⁴

119 1581 207 1686 'que
226 1589 296 1659 hoc
319 1590 476 1682 proxime
500 1590 752 1661 cohaerentem
772 1589 995 1660 haematosin
1013 1600 1053 1659 et
1078 1589 1170 1683 calo&

131 1697 210 1788 rem
237 1714 442 1784 animalem:
470 1715 521 1785 ita
540 1726 583 1786 ut
604 1715 715 1808 magis
743 1714 926 1809 magisque
960 1711 1169 1806 organorum

133 1834 291 1935 pectorii
307 1837 471 1909 vitalium
491 1838 712 1933 physiologia
731 1838 845 1908 excoli
862 1861 1027 1931 ucraque
1045 1837 1168 1923 insen·¹

132 1962 430 2038 insimulationis
459 1961 619 2031 theoriae
645 1961 789 2032 aduecti
807 1961 1027 2032 viderentur.

181 2084 300 2156 Etiam
331 2084 498 2154 botanice
529 2083 575 2153 ad
606 2084 821 2154 medicinam
851 2083 1165 2154 elaborandamct
1202 2095 1205 2097 ’

135 2206 420 2303 amplificandam
451 2207 616 2278 adhiberi
643 2219 830 2302 coeperat.
866 2233 909 2278 ex
935 2226 1009 2300 qua
1035 2206 1182 2276 botonis

135 2354 198 2408 cae
220 2341 257 2401 ct
282 2329 485 2400 medicinae
512 2330 767 2422 conjunctione
795 2344 881 2402 nata
907 2344 961 2402 est
989 2331 1166 2424 oosologio

132 2454 342 2527 autbodica.
390 2453 496 2526 Viam
519 2451 742 2526 indicaverat
761 2458 1013 2534 strumarum,
1040 2454 1168 2547 ingres·

133 2603 194 2652 sus
212 2589 267 2650 est
284 2579 543 2661 sruvscssms,
568 2591 779 2673 persecutus
797 2591 850 2650 est
866 2579 1053 2650 Cumanus,
1110 2608 1114 2615 ·

182 2705 285 2777 Prior
302 2701 469 2795 expedire
486 2716 690 2784 monuerat,
716 2715 758 2774 ut
777 2704 891 2774 morbi
909 2725 1031 2773 omnes
1049 2698 1094 2770 ad
1111 2698 1168 2770 de·

24 2913 28 2918 ,
134 2827 255 2900 finitas
273 2851 317 2897 ae
341 2837 455 2896 certas
471 2827 607 2919 species
627 2839 859 2909 revocentur,
885 2825 1010 2898 eadem
1029 2847 1167 2918 prorsus

134 2952 321 3046 diligentia
344 2962 382 3019 et
404 2953 558 3044 ἀκριβείᾳ,
583 2950 709 3045 quaid
733 2950 867 3021 lactum
889 2950 1054 3021 ridemus
1072 2973 1094 3019 a
1111 2948 1167 3018 bo

114 3076 265 3150 tunicis
283 3073 514 3168 scriptoribus
531 3077 569 3144 in
593 3074 667 3145 suis
688 3074 913 3170 phytologiis.

168 3275 170 3278 ,
192 3199 296 3272 Alter
325 3199 534 3271 Srnmtrrsru
561 3200 655 3270 rotis
679 3199 928 3293 obtemperans
956 3210 995 3270 et
1021 3199 1167 3270 Lmssu

116 3325 297 3418 'exemplo
321 3323 359 3392 in
379 3322 565 3393 condendo
593 3322 796 3417 plantarum
825 3337 1015 3420 systemate
1040 3326 1170 3395 excita·

135 3463 213 3533 tus,
234 3473 310 3520 rem
333 3445 497 3517 tentavit.
819 3527 829 3565 j

185 3575 330 3647 Tertius
349 3573 563 3643 siovacssu
581 3582 732 3668 systema
756 3572 924 3655 correxit,
950 3568 1172 3651 emendavit,

33 3726 35 3731 ·
137 3699 291 3770 absolvit
315 3719 468 3790 cumque
500 3695 560 3764 ille
587 3695 730 3767 avitiis
761 3696 964 3790 auspicatus
990 3707 1090 3776 erat,
1114 3695 1174 3765 hic

137 3822 326 3918 apyraxiis
348 3845 447 3891 orsus
472 3830 546 3902 cst,
570 3818 619 3904 id*
633 3832 687 3890 est
708 3844 729 3890 a
749 3820 880 3890 morbis
900 3810 1097 3892 vasculosis
1118 3819 1174 3889 iis·

137 3968 209 4038 que
241 3967 320 4014 mox
356 3934 540 4037 subjunxit
569 3966 749 4016 neuroses.
798 3944 845 4015 Et
873 3944 1173 4039 quemadmodum

135 4089 202 4161 per
220 4065 286 4138 hos
305 4067 401 4140 viros
423 4067 608 4141 conditum
629 4080 706 4142 erat
727 4041 880 4165 systema
897 4067 1104 4142 morborum
1121 4087 1178 4156 arf
