2566 5040
149 345 218 464 66⁸¹
420 393 567 460 ennom
588 392 916 456 METRODICORUM

254 574 349 670 Quot
370 576 554 647 Tflerssson
576 597 705 668 aegros
724 581 894 644 automno
914 568 1095 642 occideret
1116 592 1205 645 nno·

202 702 298 772 Huic
326 699 512 770 doctrinae
542 722 635 776 nora
666 697 801 790 adjecit
825 697 1041 779 Tnassnus,
1077 699 1136 766 vir
1156 721 1201 767 en

155 824 280 897 infima
295 823 422 918 plebe,
455 824 559 916 cujus
581 845 649 915 par
666 822 736 890 fuit
759 822 981 914 ignorantiae
1007 819 1201 913 impuden-

154 952 218 1022 tia.
266 949 365 1022 Vixit
384 947 644 1042 quinquaginta
665 947 766 1015 annis
781 958 862 1037 post
878 947 1113 1016 Tannrsortaor
1135 942 1207 1012 sub

154 1076 295 1147 Nerone
314 1072 706 1167 imperatore-ejusque
728 1082 829 1163 pater
849 1071 938 1139 lanis
957 1069 1206 1139 carminandis

155 1199 294 1271 rictum
311 1190 502 1293 quaesivit.
551 1196 588 1265 ls
606 1218 732 1286 magna
745 1184 888 1288 jactans
907 1218 988 1264 curn
1008 1194 1205 1296 pollicere·

153 1333 233 1419 tur,
259 1343 297 1391 se
314 1320 411 1390 intra
424 1344 483 1388 sex
497 1343 636 1390 menses
655 1330 769 1389 artem
790 1344 931 1390 omnem
951 1341 1029 1390 esse
1045 1316 1206 1388 traditu·

155 1467 255 1528 rum,
281 1445 412 1515 multos
443 1442 513 1512 sibi
545 1444 677 1514 similes
705 1442 885 1514 alliciebat
916 1427 1097 1536 plebejos,
1136 1439 1205 1536 qui

156 1581 231 1640 tam
244 1568 348 1639 brevi
365 1579 531 1662 ternpore
546 1578 684 1639 tantam
700 1581 815 1639 artem
834 1570 969 1639 addisci
988 1589 1092 1660 posse
1113 1588 1205 1659 gau·

155 1693 307 1776 debant,
331 1716 476 1786 magnas
497 1716 539 1762 ex
562 1716 605 1762 ea
626 1717 712 1787 opes
734 1693 802 1762 sibi
825 1695 1089 1787 promittentes.
1113 1718 1120 1723 ⁴¹

213 1817 285 1890 Ubi
317 1819 515 1887 communis
552 1817 613 1886 illa
641 1818 822 1887 relaxandi
854 1827 918 1887 aut
951 1816 1205 1910 adstringendi

77 1977 80 1987 0
154 1939 348 2013 methodus
367 1964 465 2034 spem
481 1933 690 2038 fefellisset,¹
711 1941 816 2010 aliam
829 1941 1005 2021 tentavit,
1023 1923 1207 2037 nietasyn·

114 2121 117 2125 .
156 2065 266 2135 crisin
297 2061 438 2153 (Latine
470 2064 739 2158 recorporatio,
776 2061 1021 2160 recorporare
1050 2065 1203 2159 dicitur)

155 2181 229 2282 qua
250 2198 419 2281 pororurn
444 2187 491 2281 ad
510 2199 644 2257 atomos
666 2190 934 2282 proportionem
953 2212 1099 2258 omnem
1120 2214 1204 2284 pcr-

156 2324 297 2384 mutare
325 2310 394 2381 sibi
432 2309 872 2409 proponebate'quaequc
909 2314 1080 2383 convenit
1119 2337 1201 2386 eum

156 2436 408 2507 recentiorum
428 2433 599 2505 methodo
636 2437 823 2530 atterente.
881 2436 1003 2529 Ipsam
1036 2438 1129 2510 cibis
1160 2446 1204 2510 ac'

156 2558 428 2631 medicamentis
458 2557 599 2630 acribus
626 2561 811 2653 impetrari
830 2560 964 2653 optime
986 2571 1090 2654 posse
1118 2587 1198 2634 ceu·

17 2788 22 2795 ἢ
93 2790 95 2794 ³
157 2685 276 2756 sebatz
302 2685 393 2756 haec
413 2685 596 2778 oppansa.
646 2683 727 2777 Quo
752 2698 790 2756 et
813 2683 953 2773 inedia,
978 2708 1072 2778 quae
1097 2709 1195 2780 prac-

157 2809 328 2890 oedebat,
359 2820 398 2879 et
422 2810 628 2891 vomitorio,
662 2809 944 2899 rubefacientia‚
966 2809 1192 2904 dropaeismi,

157 2933 361 3027 sinapimi,
397 2934 594 3026 ptarmica,
632 2928 829 3028 sialagoga,
868 2931 1064 3006 frictiones·
1083 2955 1191 3006 'acres

156 3057 387 3154 pertinebant
414 3080 565 3153 eamque
591 3059 701 3131 etiam
724 3061 765 3127 in
786 3057 949 3128 ulcerum
975 3071 1195 3144 vetustorum

157 3182 344 3253 curatione
362 3180 569 3252 adnibebat.
1032 3156 1049 3182 ²

208 3304 379 3398 Denique
393 3305 602 3376 methodum
619 3306 795 3377 diatriton
820 3304 1107 3389 commendarit,
1132 3320 1208 3378 ter·

158 3428 330 3500 tianarias
348 3441 494 3498 secutus
514 3428 555 3498 in
572 3432 748 3501 medendo
772 3432 956 3525 periodos:
973 3433 1082 3504 unde
1103 3434 1212 3504 illius

158 3563 355 3626 sectatores
385 3552 518 3621 medici
548 3555 762 3626 diatritorii
794 3554 964 3649 appellati
995 3568 1094 3627 sunt.
1158 3550 1218 3623 11¹

157 3677 337 3772 principio
376 3674 580 3746 morborum
620 3680 778 3751 inediam
813 3679 1039 3773 imperabant
1077 3670 1224 3751 bidui,

159 3824 275 3894 usque
300 3799 338 3870 in
362 3800 510 3871 tertium
536 3801 633 3873 diem
658 3828 680 3874 a
703 3798 901 3876 nutriendo
924 3814 963 3875 et
987 3791 1230 3875 medicand⁰

164 3921 386 3995 abstinentes
416 3937 453 3994 et
485 3927 601 4021 cyclos
629 3929 802 4021 quosdam
829 3928 1099 4001 constituebant
1129 3935 1237 3998 ποθ·

163 4043 357 4131 dicinales,
379 4049 512 4148 quibus
548 4052 745 4123 secundum
778 4062 932 4125 statutas
962 4053 1061 4149 leges
1089 4034 1243 4127 med‘¹⁴
