2550 5040
113 343 157 421 ἐκ
266 439 268 442 ⁴
374 361 523 424 scuom
541 304 892 420 rraourriconou.

116 545 262 626 iorum,
287 535 589 631 quemadmodum
610 535 795 607 distinctio
815 533 1053 608 affectionum
1069 561 1162 633 sym-

113 659 361 755 pathicarum,
387 659 581 755 descriptio
600 661 822 740 neurosium,
848 661 998 732 curandi
1018 663 1161 733 metho-

110 783 356 889 dusindicare
372 796 563 877 poterunt,
588 785 657 855 nisi
669 786 747 878 ipsa
755 784 834 876 jam
851 785 1030 856 indicaret
1044 809 1162 878 pneu-

114 909 224 980 matis
244 909 403 980 theorici
429 910 481 980 ita
498 921 541 980 ut
564 909 602 978 irr
625 907 682 978 his
705 909 834 979 ultima
858 920 1026 981 cernatur
1049 908 1163 976 medi·

91 1032 223 1102 ..cinae
246 1030 594 1129 Graecaeporiodus
617 1033 775 1128 artisque
794 1032 955 1104 medicae
977 1030 1028 1100 ab
1044 1031 1164 1102 acutis

108 1156 165 1243 -ad
185 1154 388 1238 chronicos,
415 1158 461 1249 ab
479 1157 537 1228 his
558 1156 603 1228 ad
623 1180 794 1228 neuroses
815 1155 1076 1249 dignoscendas
1100 1178 1163 1224 cu·

113 1279 318 1374 nudasque
334 1285 531 1374 progressio
547 1283 658 1377 inque
674 1283 862 1365 Attumne,
882 1292 982 1350 recte
1000 1276 1164 1347 animad-

116 1415 283 1476 vertente
302 1412 441 1497 nupero
465 1405 514 1496 de
534 1405 684 1477 historia
705 1406 846 1477 medica
867 1407 1058 1498 scriptore,
1085 1399 1166 1473 Ga·

111 1547 221 1610 'utun
245 1529 418 1622 principis
445 1528 729 1624 dogmaticomm
751 1541 931 1611 veterum,
962 1526 1164 1622 conspicia-

108 1661 179 1751 tur
200 1652 445 1744 praenuntius.

404 1899 874 1969 CONSEGTARLA.

86 2220 89 2225 ,
151 2149 199 2220 ’1.
239 2147 299 2221 Ad
319 2153 582 2244 vegetationem
602 2175 691 2246 opus
710 2160 883 2236 estsere,
909 2162 1020 2248 aqua,
1048 2165 1162 2238 terra,

107 2332 112 2343 .
207 2312 211 2319 a
240 2273 369 2345 calore.
417 2274 518 2346 Haec
540 2275 704 2346 doctrina
723 2277 768 2347 de
789 2279 975 2347 clementis
997 2303 1018 2347 a
1044 2279 1163 2372 philo-

130 2475 133 2481 ,
168 2487 172 2493 Ι
239 2397 362 2490 sophis
392 2421 434 2468 ac
466 2399 616 2470 modieis
653 2399 991 2494 philosophantibus
1021 2403 1163 2497 exculta

240 2532 279 2592 et
299 2522 345 2595 a'd
366 2523 581 2606 animantia,
606 2524 652 2593 ad
668 2525 867 2605 hominem,
891 2524 936 2594 ad
957 2525 1161 2597 universam

109 2681 125 2720 ς·
230 2655 431 2739 corpornni
448 2660 613 2718 naturam
633 2648 818 2728 traducta,
845 2650 897 2718 eie
920 2672 942 2717 a
961 2652 1161 2742 pneumati·

76 2801 79 2808 ·
106 2804 115 2844 ς
241 2771 295 2841 eis
317 2771 570 2864 pertentant,
598 2782 639 2843 ut
661 2775 706 2842 ab
729 2773 915 2844 elementis
935 2772 981 2842 ad
1009 2774 1162 2847 elemen-

153 2907 157 2915 '
185 2912 198 2953 f·
239 2906 359 2980 torum
380 2895 482 2967 dotes
503 2898 668 2991 viresque
693 2897 928 2968 escenderent
949 2881 1163 2990 <iunctisque

103 3084 111 3092 .
185 3002 192 3010 ’
217 3059 220 3063 ·
240 2996 480 3115 praeficerent
497 3032 651 3109 pneuma
666 3040 730 3110 per
750 3021 868 3091 omnia
882 3019 1072 3097 diffusum,
1090 3042 1163 3088 om·

106 3208 109 3215 .
131 3141 139 3151 ”
240 3144 301 3213 nia
318 3167 480 3225 movens,
499 3146 652 3236 aptans,
671 3145 844 3224 animans,
869 3144 976 3239 quale
993 3164 1058 3212 nos
1072 3142 1162 3224 hoo,

106 3296 127 3340 .’
235 3251 339 3364 quod
360 3267 533 3348 vivimus,
561 3281 721 3360 tempore
743 3270 839 3340 vitae
862 3267 1084 3359 principium
1105 3265 1164 3337 ad·

104 3430 125 3451 -·
241 3393 437 3482 pellamus*
1033 3398 1038 3410 “

152 3514 223 3617 Π.1
242 3517 361 3611 Hujus
385 3518 589 3607 pneumatis
607 3517 792 3590 notionem
813 3516 859 3588 ab
878 3523 961 3588 ac're
981 3516 1079 3589 vitae
1103 3527 1168 3611 pet-j

151 3662 153 3666 ’
240 3639 581 3737 hulo.'spirandique
603 3667 751 3714 munere
775 3643 1075 3733 repetiverunt.'¹
1123 3662 1126 3667 ·

133 3766 207 3837 111.
241 3768 319 3836 Hoc
357 3779 551 3856 pneumate
585 3778 633 3837 ut·
662 3772 737 3839 vita
772 3779 932 3848 constat,
972 3767 1024 3834 ita
1047 3764 1169 3837 *morbi

242 3904 430 3962 creantur:
465 3892 616 3984 ejusque
647 3892 762 3962 turbis
791 3889 1062 3964 adcommodata
1093 3913 1170 3959 me-

104 4052 129 4070 -·
243 4015 353 4109 dendi
376 4017 468 4088 ratio
488 4017 763 4113 morborumque
788 4015 947 4087 remedia
967 4025 1171 4085 sentenn-
