2566 5040
48 402 51 408 .
111 370 174 431 oso·
318 363 580 428 rarsronocrs
601 351 955 429 exinaniamus.

114 547 174 616 eni
205 541 464 638 'exspectationi
487 552 608 609 utrum
638 551 789 608 eventus
817 547 1054 634 responsurus
1085 539 1152 622 sit,

112 671 264 741 dubium
292 677 348 738 est
378 658 566 752 haetenus.
613 660 688 734 Nec
710 659 860 734 defuere
879 673 918 734 et
942 663 1152 734 adhucdum

112 793 244 865 desunt
265 786 428 862 methodi
451 783 688 858 Jenncrianae
716 783 932 867 adversarii,¹
954 785 1022 882 qni
1046 787 1150 859 aliter

79 895 81 898 ⁵
110 916 157 988 de
176 910 220 986 ea
236 911 416 1009 j'ndicant.

400 1149 863 1213 CONSECTARIA.
939 1200 941 1204 .
1012 1205 1017 1212 ,
1153 1197 1157 1206 .

146 1387 178 1460 Ι.
210 1384 437 1480 Physiologia
460 1379 745 1476 experimentalis
771 1381 885 1455 multa
902 1381 982 1452 loca
1003 1381 1154 1455 obscura

209 1508 399 1605 patefecit:
425 1508 499 1577 sola
524 1515 644 1575 tamen
662 1528 736 1575 non
751 1505 894 1579 sufficit.

125 1632 192 1706 11.'
212 1636 283 1704 Par
313 1641 391 1701 esto
427 1630 473 1701 de
508 1627 688 1700 medicina
724 1629 857 1725 clinica
885 1630 1153 1727 experimentali

203 1756 404 1852 jussorum
782 1732 786 1740 ’

442 2028 446 2033 ,
511 2015 739 2048 ἡ...

94 2196 97 2201 ⁵
226 2245 464 2308 sinceros
491 2244 790 2306 nannsnsrtrr
815 2243 1058 2308 onosnou-
1093 2212 1098 2222 ⁴

406 2348 869 2412 ansnnscnnrrcnn.

485 2585 488 2590 λ
564 2502 601 2560 s.
623 2498 708 2563 1810.
830 2494 833 2503 ’

166 2783 249 2872 Quo
261 2792 421 2876 tempore
439 2805 482 2852 er
495 2780 636 2878 chymia
647 2780 875 2878 pneumatica
889 2779 1020 2857 ririum
1040 2780 1153 2891 thera·

119 2886 346 3001 ponticarum
364 2905 684 3002 theorism‘pe'tere
701 2899 895 2977 studebant
920 2895 1152 2987 Parisienies,

118 3028 321 3099 medicinae
335 3028 462 3102 doctor
482 3031 674 3126 Lipsiensis
690 3031 835 3101 smmi
850 3028 1081 3103 nemmem
1098 3051 1158 3101 no·

119 3175 193 3246 que
224 3160 289 3245 pe'r
320 3151 510 3247 chymiam,
544 3177 664 3248 neque
693 3175 758 3246 per
786 3151 1003 3235 botanicen,
1038 3175 1156 3248 neque

120 3298 184 3368 per
210 3274 393 3368 physicam
421 3277 733 3372 experimentalcm
758 3275 885 3346 haberi
915 3299 1019 3370 posse
1049 3287 1161 3348 mate·

120 3400 212 3468 riom
235 3398 411 3471 medicam
428 3400 685 3483 theoreticam,
709 3422 835 3474 rerum
854 3423 920 3495 per
937 3411 1073 3475 castam
1094 3399 1161 3472 ob·

123 3525 361 3594 servationem
385 3536 425 3596 et
445 3527 719 3620 experientiam,
748 3527 788 3596 in
817 3501 962 3620 corpore
978 3546 1067 3596 sano
1089 3523 1162 3617 pri·

123 3659 240 3728 mum,
258 3644 398 3719 ‘deinde
412 3648 452 3718 in
474 3648 626 3730 morbis,
644 3649 854 3744 subjunctis
874 3647 1036 3721 historiis
1055 3670 1163 3720 vene·

123 3770 298 3851 fieiorum,
313 3771 506 3843 arbitratus
522 3785 594 3844 est:
611 3771 709 3845 unde'
722 3771 1033 3866 pharmaceuticus
1049 3770 1164 3844 codex

126 3896 261 3985 sperari
287 3918 329 3965 ae
350 3899 524 3970 virtutum
543 3897 871 3992 therapeuticarum
888 3895 1063 3967 revelatio
1085 3917 1164 3988 pos·

124 4027 193 4086 set.
250 4019 358 4090 Hisce
384 4020 605 4115 praemissis,
642 4021 731 4096 illud
767 4021 888 4120 posuit
922 4013 1163 4115 principiumt
