<?xml version="1.0" encoding="UTF-8"?>
<!DOCTYPE html PUBLIC "-//W3C//DTD XHTML 1.0 Transitional//EN"
    "http://www.w3.org/TR/xhtml1/DTD/xhtml1-transitional.dtd">
<html xmlns="http://www.w3.org/1999/xhtml" xml:lang="en" lang="en">
 <head>
  <title>
</title>
<meta http-equiv="Content-Type" content="text/html;charset=utf-8" />
  <meta name='ocr-system' content='tesseract 3.04.00' />
  <meta name='ocr-capabilities' content='ocr_page ocr_carea ocr_par ocr_line ocrx_word'/>
</head>
<body>
  <div class='ocr_page' id='page_1' title='image "./dehistoriamedic00hoevgoog_0060.png"; bbox 0 0 2566 5040; ppageno 0'>
   <div class='ocr_carea' id='block_1_1' title="bbox 386 336 1164 429">
    <p class='ocr_par' dir='ltr' id='par_1_1' title="bbox 386 336 1164 429">
     <span class='ocr_line' id='line_1_1' title="bbox 386 336 1164 429; baseline 0.006 -5"><span class='ocrx_word' id='word_1_1' title='bbox 386 336 934 428; x_wconf 65' lang='lat' dir='ltr'><strong>n&#39;rrrocrsrrcr&#39;</strong></span> <span class='ocrx_word' id='word_1_2' title='bbox 1012 376 1016 384; x_wconf 95' lang='lat'>·</span> <span class='ocrx_word' id='word_1_3' title='bbox 1117 362 1164 429; x_wconf 82' lang='lat' dir='ltr'><strong>ss</strong></span> 
     </span>
    </p>
   </div>
   <div class='ocr_carea' id='block_1_2' title="bbox 106 541 1164 885">
    <p class='ocr_par' dir='ltr' id='par_1_2' title="bbox 106 541 1164 885">
     <span class='ocr_line' id='line_1_2' title="bbox 108 541 1163 637; baseline 0 -25"><span class='ocrx_word' id='word_1_4' title='bbox 108 542 445 637; x_wconf 72' lang='lat' dir='ltr'><strong>eompmrimibus</strong></span> <span class='ocrx_word' id='word_1_5' title='bbox 466 543 658 637; x_wconf 70' lang='lat' dir='ltr'><strong>analogicis</strong></span> <span class='ocrx_word' id='word_1_6' title='bbox 680 568 703 614; x_wconf 84' lang='lat' dir='ltr'><strong>a</strong></span> <span class='ocrx_word' id='word_1_7' title='bbox 718 554 850 614; x_wconf 82' lang='lat' dir='ltr'><strong>natura</strong></span> <span class='ocrx_word' id='word_1_8' title='bbox 877 541 1046 635; x_wconf 86' lang='lat' dir='ltr'><strong>organica</strong></span> <span class='ocrx_word' id='word_1_9' title='bbox 1067 542 1163 614; x_wconf 72' lang='lat' dir='ltr'><strong>duos</strong></span> 
     </span>
     <span class='ocr_line' id='line_1_3' title="bbox 109 665 1164 748; baseline -0.001 -9"><span class='ocrx_word' id='word_1_10' title='bbox 109 670 183 748; x_wconf 83' lang='lat' dir='ltr'><strong>tis,</strong></span> <span class='ocrx_word' id='word_1_11' title='bbox 218 690 299 738; x_wconf 84' lang='lat' dir='ltr'><strong>rem</strong></span> <span class='ocrx_word' id='word_1_12' title='bbox 318 666 488 738; x_wconf 82' lang='lat' dir='ltr'><strong>adornat:</strong></span> <span class='ocrx_word' id='word_1_13' title='bbox 522 667 625 737; x_wconf 83' lang='lat' dir='ltr'><strong>brevi</strong></span> <span class='ocrx_word' id='word_1_14' title='bbox 654 670 925 738; x_wconf 73' lang='lat' dir='ltr'><strong>microcosmus</strong></span> <span class='ocrx_word' id='word_1_15' title='bbox 953 665 993 736; x_wconf 89' lang='lat' dir='ltr'><strong>in</strong></span> <span class='ocrx_word' id='word_1_16' title='bbox 1020 691 1164 738; x_wconf 75' lang='lat' dir='ltr'><strong>mom-</strong></span> 
     </span>
     <span class='ocr_line' id='line_1_4' title="bbox 106 791 1015 885; baseline -0.004 -21"><span class='ocrx_word' id='word_1_17' title='bbox 106 814 231 864; x_wconf 76' lang='lat' dir='ltr'><strong>oocsotr</strong></span> <span class='ocrx_word' id='word_1_18' title='bbox 253 791 444 882; x_wconf 60' lang='lat' dir='ltr'><strong>(msam</strong></span> <span class='ocrx_word' id='word_1_19' title='bbox 458 791 498 860; x_wconf 88' lang='lat' dir='ltr'><strong>in</strong></span> <span class='ocrx_word' id='word_1_20' title='bbox 521 792 705 884; x_wconf 69' lang='lat' dir='ltr'><strong>mismo)</strong></span> <span class='ocrx_word' id='word_1_21' title='bbox 730 791 1015 885; x_wconf 75' lang='lat' dir='ltr'><strong>contemptum.</strong></span> 
     </span>
    </p>
   </div>
   <div class='ocr_carea' id='block_1_3' title="bbox 522 1031 745 1061">
    <p class='ocr_par' dir='ltr' id='par_1_3' title="bbox 522 1031 745 1061">
     <span class='ocr_line' id='line_1_5' title="bbox 522 1031 745 1061; baseline 0 0"><span class='ocrx_word' id='word_1_22' title='bbox 522 1031 745 1061; x_wconf 58' lang='lat' dir='ltr'><strong>-wwu—</strong></span> 
     </span>
    </p>
   </div>
   <div class='ocr_carea' id='block_1_4' title="bbox 120 1222 1019 1298">
    <p class='ocr_par' dir='ltr' id='par_1_4' title="bbox 120 1222 1019 1298">
     <span class='ocr_line' id='line_1_6' title="bbox 120 1222 1019 1298; baseline 0.002 -10"><span class='ocrx_word' id='word_1_23' title='bbox 120 1222 123 1227; x_wconf 65' lang='grc'>’</span> <span class='ocrx_word' id='word_1_24' title='bbox 254 1230 529 1291; x_wconf 67' lang='lat' dir='ltr'><strong>putrore</strong></span> <span class='ocrx_word' id='word_1_25' title='bbox 559 1231 1019 1298; x_wconf 79' lang='lat' dir='ltr'><strong>ARISTOTELES.</strong></span> 
     </span>
    </p>
   </div>
   <div class='ocr_carea' id='block_1_5' title="bbox 454 1392 816 1605">
    <p class='ocr_par' dir='ltr' id='par_1_5' title="bbox 454 1392 816 1605">
     <span class='ocr_line' id='line_1_7' title="bbox 526 1392 746 1455; baseline 0.005 -1"><span class='ocrx_word' id='word_1_26' title='bbox 526 1396 565 1454; x_wconf 77' lang='grc' dir='ltr'><strong>Δ.</strong></span> <span class='ocrx_word' id='word_1_27' title='bbox 579 1392 746 1455; x_wconf 43' lang='lat' dir='ltr'><strong>aaran.</strong></span> 
     </span>
     <span class='ocr_line' id='line_1_8' title="bbox 454 1531 816 1605; baseline -0.008 -10"><span class='ocrx_word' id='word_1_28' title='bbox 454 1535 491 1595; x_wconf 67' lang='lat' dir='ltr'><strong>t„</strong></span> <span class='ocrx_word' id='word_1_29' title='bbox 513 1531 708 1605; x_wconf 54' lang='lat' dir='ltr'><strong>mosa.</strong></span> <span class='ocrx_word' id='word_1_30' title='bbox 727 1534 763 1597; x_wconf 83' lang='lat' dir='ltr'><strong>C·</strong></span> <span class='ocrx_word' id='word_1_31' title='bbox 777 1532 816 1597; x_wconf 78' lang='lat' dir='ltr'><strong>ts.</strong></span> 
     </span>
    </p>
   </div>
   <div class='ocr_carea' id='block_1_6' title="bbox 66 1778 1199 2501">
    <p class='ocr_par' dir='ltr' id='par_1_6' title="bbox 66 1778 1199 2501">
     <span class='ocr_line' id='line_1_9' title="bbox 164 1778 1162 1879; baseline -0.004 -24"><span class='ocrx_word' id='word_1_32' title='bbox 164 1781 271 1855; x_wconf 83' lang='lat' dir='ltr'><strong>Utin</strong></span> <span class='ocrx_word' id='word_1_33' title='bbox 288 1778 435 1854; x_wconf 82' lang='lat' dir='ltr'><strong>bomine</strong></span> <span class='ocrx_word' id='word_1_34' title='bbox 453 1783 570 1855; x_wconf 78' lang='lat' dir='ltr'><strong>aniana</strong></span> <span class='ocrx_word' id='word_1_35' title='bbox 587 1795 629 1855; x_wconf 87' lang='lat' dir='ltr'><strong>et</strong></span> <span class='ocrx_word' id='word_1_36' title='bbox 639 1807 766 1879; x_wconf 89' lang='lat' dir='ltr'><strong>corpus</strong></span> <span class='ocrx_word' id='word_1_37' title='bbox 775 1834 786 1868; x_wconf 87' lang='lat'><em>,</em></span> <span class='ocrx_word' id='word_1_38' title='bbox 811 1783 864 1854; x_wconf 80' lang='lat' dir='ltr'><strong>its</strong></span> <span class='ocrx_word' id='word_1_39' title='bbox 879 1783 919 1853; x_wconf 87' lang='lat' dir='ltr'><strong>in</strong></span> <span class='ocrx_word' id='word_1_40' title='bbox 932 1779 1162 1877; x_wconf 74' lang='lat' dir='ltr'><strong>philosophia</strong></span> 
     </span>
     <span class='ocr_line' id='line_1_10' title="bbox 111 1905 1164 2008; baseline -0.003 -29"><span class='ocrx_word' id='word_1_41' title='bbox 111 1905 237 1979; x_wconf 77' lang='lat' dir='ltr'><strong>veteri</strong></span> <span class='ocrx_word' id='word_1_42' title='bbox 265 1907 389 1979; x_wconf 79' lang='lat' dir='ltr'><strong>Pmo</strong></span> <span class='ocrx_word' id='word_1_43' title='bbox 415 1918 455 1984; x_wconf 86' lang='lat' dir='ltr'><strong>ct</strong></span> <span class='ocrx_word' id='word_1_44' title='bbox 480 1907 725 2008; x_wconf 77' lang='lat' dir='ltr'><strong>Anrsronnrns</strong></span> <span class='ocrx_word' id='word_1_45' title='bbox 754 1931 838 1978; x_wconf 87' lang='lat' dir='ltr'><strong>cum</strong></span> <span class='ocrx_word' id='word_1_46' title='bbox 863 1907 1164 1988; x_wconf 58' lang='lat' dir='ltr'><strong>&lt;litterariorum</strong></span> 
     </span>
     <span class='ocr_line' id='line_1_11' title="bbox 113 2028 1199 2125; baseline 0 -25"><span class='ocrx_word' id='word_1_47' title='bbox 113 2031 361 2102; x_wconf 76' lang='lat' dir='ltr'><strong>eonrcnirmt:</strong></span> <span class='ocrx_word' id='word_1_48' title='bbox 384 2033 444 2102; x_wconf 86' lang='lat' dir='ltr'><strong>ille</strong></span> <span class='ocrx_word' id='word_1_49' title='bbox 462 2033 618 2105; x_wconf 83' lang='lat' dir='ltr'><strong>Socratis</strong></span> <span class='ocrx_word' id='word_1_50' title='bbox 636 2033 851 2125; x_wconf 86' lang='lat' dir='ltr'><strong>discipulus,</strong></span> <span class='ocrx_word' id='word_1_51' title='bbox 877 2031 939 2102; x_wconf 91' lang='lat' dir='ltr'><strong>hic</strong></span> <span class='ocrx_word' id='word_1_52' title='bbox 953 2028 1165 2103; x_wconf 86' lang='lat' dir='ltr'><strong>Nicomachi</strong></span> <span class='ocrx_word' id='word_1_53' title='bbox 1194 2050 1199 2059; x_wconf 84' lang='grc'><strong><em>’</em></strong></span> 
     </span>
     <span class='ocr_line' id='line_1_12' title="bbox 66 2153 1165 2251; baseline 0.001 -25"><span class='ocrx_word' id='word_1_54' title='bbox 66 2175 74 2183; x_wconf 91' lang='grc'><em>·</em></span> <span class='ocrx_word' id='word_1_55' title='bbox 111 2155 251 2226; x_wconf 83' lang='lat' dir='ltr'><strong>medici</strong></span> <span class='ocrx_word' id='word_1_56' title='bbox 269 2155 376 2225; x_wconf 85' lang='lat' dir='ltr'><strong>filius.</strong></span> <span class='ocrx_word' id='word_1_57' title='bbox 425 2157 551 2227; x_wconf 78' lang='lat' dir='ltr'><strong>Mundi</strong></span> <span class='ocrx_word' id='word_1_58' title='bbox 571 2158 758 2227; x_wconf 79' lang='lat' dir='ltr'><strong>materiem</strong></span> <span class='ocrx_word' id='word_1_59' title='bbox 776 2166 814 2225; x_wconf 88' lang='lat' dir='ltr'><strong>et</strong></span> <span class='ocrx_word' id='word_1_60' title='bbox 834 2153 983 2226; x_wconf 81' lang='lat' dir='ltr'><strong>formam</strong></span> <span class='ocrx_word' id='word_1_61' title='bbox 1006 2179 1071 2251; x_wconf 83' lang='lat' dir='ltr'><strong>per</strong></span> <span class='ocrx_word' id='word_1_62' title='bbox 1089 2154 1165 2249; x_wconf 71' lang='lat' dir='ltr'><strong>pla-</strong></span> 
     </span>
     <span class='ocr_line' id='line_1_13' title="bbox 112 2277 1166 2355; baseline 0.002 -6"><span class='ocrx_word' id='word_1_63' title='bbox 112 2277 195 2349; x_wconf 79' lang='lat' dir='ltr'><strong>cita</strong></span> <span class='ocrx_word' id='word_1_64' title='bbox 225 2279 273 2348; x_wconf 84' lang='lat' dir='ltr'><strong>de</strong></span> <span class='ocrx_word' id='word_1_65' title='bbox 308 2279 497 2352; x_wconf 83' lang='lat' dir='ltr'><strong>elementis</strong></span> <span class='ocrx_word' id='word_1_66' title='bbox 526 2295 567 2355; x_wconf 86' lang='lat' dir='ltr'><strong>et</strong></span> <span class='ocrx_word' id='word_1_67' title='bbox 601 2282 730 2355; x_wconf 82' lang='lat' dir='ltr'><strong>atomis</strong></span> <span class='ocrx_word' id='word_1_68' title='bbox 761 2280 915 2352; x_wconf 84' lang='lat' dir='ltr'><strong>delinire</strong></span> <span class='ocrx_word' id='word_1_69' title='bbox 949 2281 1166 2352; x_wconf 79' lang='lat' dir='ltr'><strong>studuerant</strong></span> 
     </span>
     <span class='ocr_line' id='line_1_14' title="bbox 115 2400 1165 2501; baseline 0.005 -30"><span class='ocrx_word' id='word_1_70' title='bbox 115 2400 343 2496; x_wconf 85' lang='lat' dir='ltr'><strong>pbilosophi3</strong></span> <span class='ocrx_word' id='word_1_71' title='bbox 369 2427 411 2475; x_wconf 82' lang='lat' dir='ltr'><strong>er</strong></span> <span class='ocrx_word' id='word_1_72' title='bbox 423 2430 576 2501; x_wconf 88' lang='lat' dir='ltr'><strong>quorum</strong></span> <span class='ocrx_word' id='word_1_73' title='bbox 592 2406 756 2477; x_wconf 79' lang='lat' dir='ltr'><strong>nonnulli</strong></span> <span class='ocrx_word' id='word_1_74' title='bbox 772 2403 1035 2499; x_wconf 84' lang='lat' dir='ltr'><strong>philosophiam</strong></span> <span class='ocrx_word' id='word_1_75' title='bbox 1050 2428 1165 2500; x_wconf 88' lang='lat' dir='ltr'><strong>quan·</strong></span> 
     </span>
    </p>
   </div>
   <div class='ocr_carea' id='block_1_7' title="bbox 55 2525 1166 3248">
    <p class='ocr_par' dir='ltr' id='par_1_7' title="bbox 55 2525 1166 3248">
     <span class='ocr_line' id='line_1_15' title="bbox 115 2525 1165 2626; baseline 0.003 -28"><span class='ocrx_word' id='word_1_76' title='bbox 115 2525 206 2598; x_wconf 73' lang='lat' dir='ltr'><strong>dom</strong></span> <span class='ocrx_word' id='word_1_77' title='bbox 220 2527 494 2621; x_wconf 84' lang='lat' dir='ltr'><strong>profitebantur</strong></span> <span class='ocrx_word' id='word_1_78' title='bbox 525 2530 832 2626; x_wconf 80' lang='lat' dir='ltr'><strong>corpusculorem,</strong></span> <span class='ocrx_word' id='word_1_79' title='bbox 855 2529 948 2598; x_wconf 89' lang='lat' dir='ltr'><strong>nihil</strong></span> <span class='ocrx_word' id='word_1_80' title='bbox 976 2552 1053 2600; x_wconf 89' lang='lat' dir='ltr'><strong>esse</strong></span> <span class='ocrx_word' id='word_1_81' title='bbox 1087 2529 1165 2625; x_wconf 89' lang='lat' dir='ltr'><strong>opi·</strong></span> 
     </span>
     <span class='ocr_line' id='line_1_16' title="bbox 55 2652 1165 2750; baseline 0.003 -29"><span class='ocrx_word' id='word_1_82' title='bbox 55 2666 58 2673; x_wconf 85' lang='lat'>&#39;</span> <span class='ocrx_word' id='word_1_83' title='bbox 118 2652 202 2722; x_wconf 79' lang='lat' dir='ltr'><strong>nati</strong></span> <span class='ocrx_word' id='word_1_84' title='bbox 222 2664 368 2746; x_wconf 77' lang='lat' dir='ltr'><strong>praeter</strong></span> <span class='ocrx_word' id='word_1_85' title='bbox 395 2656 582 2726; x_wconf 76' lang='lat' dir='ltr'><strong>materiam</strong></span> <span class='ocrx_word' id='word_1_86' title='bbox 603 2668 641 2727; x_wconf 86' lang='lat' dir='ltr'><strong>et</strong></span> <span class='ocrx_word' id='word_1_87' title='bbox 658 2655 772 2726; x_wconf 84' lang='lat' dir='ltr'><strong>latum</strong></span> <span class='ocrx_word' id='word_1_88' title='bbox 798 2653 984 2750; x_wconf 83' lang='lat' dir='ltr'><strong>ipsamque</strong></span> <span class='ocrx_word' id='word_1_89' title='bbox 1009 2654 1165 2724; x_wconf 87' lang='lat' dir='ltr'><strong>animam</strong></span> 
     </span>
     <span class='ocr_line' id='line_1_17' title="bbox 119 2776 1165 2871; baseline 0.001 -24"><span class='ocrx_word' id='word_1_90' title='bbox 119 2799 319 2871; x_wconf 70' lang='lat' dir='ltr'><strong>corporeae</strong></span> <span class='ocrx_word' id='word_1_91' title='bbox 350 2778 593 2851; x_wconf 70' lang='lat' dir='ltr'><strong>existimantes</strong></span> <span class='ocrx_word' id='word_1_92' title='bbox 617 2793 777 2850; x_wconf 80' lang='lat' dir='ltr'><strong>naturae.</strong></span> <span class='ocrx_word' id='word_1_93' title='bbox 827 2776 972 2848; x_wconf 82' lang='lat' dir='ltr'><strong>Crassus</strong></span> <span class='ocrx_word' id='word_1_94' title='bbox 999 2777 1067 2846; x_wconf 89' lang='lat' dir='ltr'><strong>iste</strong></span> <span class='ocrx_word' id='word_1_95' title='bbox 1091 2800 1165 2848; x_wconf 81' lang='lat' dir='ltr'><strong>ma-</strong></span> 
     </span>
     <span class='ocr_line' id='line_1_18' title="bbox 116 2900 1166 2997; baseline 0.001 -25"><span class='ocrx_word' id='word_1_96' title='bbox 116 2900 336 2974; x_wconf 82' lang='lat' dir='ltr'><strong>terialismus</strong></span> <span class='ocrx_word' id='word_1_97' title='bbox 351 2902 599 2975; x_wconf 79' lang='lat' dir='ltr'><strong>hebetioribus</strong></span> <span class='ocrx_word' id='word_1_98' title='bbox 617 2905 758 2997; x_wconf 79' lang='lat' dir='ltr'><strong>placere</strong></span> <span class='ocrx_word' id='word_1_99' title='bbox 771 2903 891 2996; x_wconf 85' lang='lat' dir='ltr'><strong>potuit</strong></span> <span class='ocrx_word' id='word_1_100' title='bbox 905 2901 1074 2994; x_wconf 78' lang='lat' dir='ltr'><strong>ingeniis,</strong></span> <span class='ocrx_word' id='word_1_101' title='bbox 1100 2900 1166 2973; x_wconf 72' lang='lat' dir='ltr'><strong>sert</strong></span> 
     </span>
     <span class='ocr_line' id='line_1_19' title="bbox 116 3016 1166 3129; baseline 0.001 -36"><span class='ocrx_word' id='word_1_102' title='bbox 116 3022 247 3094; x_wconf 83' lang='lat' dir='ltr'><strong>divino</strong></span> <span class='ocrx_word' id='word_1_103' title='bbox 270 3049 344 3097; x_wconf 90' lang='lat' dir='ltr'><strong>non</strong></span> <span class='ocrx_word' id='word_1_104' title='bbox 370 3016 536 3122; x_wconf 78' lang='lat' dir='ltr'><strong>placebat</strong></span> <span class='ocrx_word' id='word_1_105' title='bbox 560 3027 704 3121; x_wconf 82' lang='lat' dir='ltr'><strong>ingenio</strong></span> <span class='ocrx_word' id='word_1_106' title='bbox 724 3027 911 3097; x_wconf 76' lang='lat' dir='ltr'><strong>Pmoun.</strong></span> <span class='ocrx_word' id='word_1_107' title='bbox 961 3024 1081 3096; x_wconf 85' lang='lat' dir='ltr'><strong>Sensit</strong></span> <span class='ocrx_word' id='word_1_108' title='bbox 1103 3022 1166 3129; x_wconf 70' lang='lat' dir='ltr'><strong>ihc</strong></span> 
     </span>
     <span class='ocr_line' id='line_1_20' title="bbox 118 3147 1166 3248; baseline 0.002 -30"><span class='ocrx_word' id='word_1_109' title='bbox 118 3170 203 3219; x_wconf 84' lang='lat' dir='ltr'><strong>esse</strong></span> <span class='ocrx_word' id='word_1_110' title='bbox 216 3149 370 3244; x_wconf 79' lang='lat' dir='ltr'><strong>aliquid,</strong></span> <span class='ocrx_word' id='word_1_111' title='bbox 388 3154 492 3248; x_wconf 84' lang='lat' dir='ltr'><strong>quod</strong></span> <span class='ocrx_word' id='word_1_112' title='bbox 501 3178 570 3225; x_wconf 86' lang='lat' dir='ltr'><strong>nec</strong></span> <span class='ocrx_word' id='word_1_113' title='bbox 587 3153 685 3246; x_wconf 85' lang='lat' dir='ltr'><strong>tangi</strong></span> <span class='ocrx_word' id='word_1_114' title='bbox 702 3163 840 3245; x_wconf 87' lang='lat' dir='ltr'><strong>potest,</strong></span> <span class='ocrx_word' id='word_1_115' title='bbox 858 3174 928 3221; x_wconf 86' lang='lat' dir='ltr'><strong>nec</strong></span> <span class='ocrx_word' id='word_1_116' title='bbox 938 3148 1036 3220; x_wconf 88' lang='lat' dir='ltr'><strong>cerni</strong></span> <span class='ocrx_word' id='word_1_117' title='bbox 1050 3147 1166 3244; x_wconf 83' lang='lat' dir='ltr'><strong>quod·</strong></span> 
     </span>
    </p>
   </div>
   <div class='ocr_carea' id='block_1_8' title="bbox 118 3273 1183 4120">
    <p class='ocr_par' dir='ltr' id='par_1_8' title="bbox 118 3273 1183 4120">
     <span class='ocr_line' id='line_1_21' title="bbox 122 3273 1166 3373; baseline 0.002 -30"><span class='ocrx_word' id='word_1_118' title='bbox 122 3295 197 3366; x_wconf 82' lang='lat' dir='ltr'><strong>quc</strong></span> <span class='ocrx_word' id='word_1_119' title='bbox 221 3275 295 3344; x_wconf 85' lang='lat' dir='ltr'><strong>sola</strong></span> <span class='ocrx_word' id='word_1_120' title='bbox 312 3289 432 3347; x_wconf 87' lang='lat' dir='ltr'><strong>mente</strong></span> <span class='ocrx_word' id='word_1_121' title='bbox 450 3276 774 3373; x_wconf 83' lang='lat' dir='ltr'><strong>comprehenditur.</strong></span> <span class='ocrx_word' id='word_1_122' title='bbox 823 3277 902 3347; x_wconf 85' lang='lat' dir='ltr'><strong>Hoc</strong></span> <span class='ocrx_word' id='word_1_123' title='bbox 917 3276 1028 3370; x_wconf 83' lang='lat' dir='ltr'><strong>igitur</strong></span> <span class='ocrx_word' id='word_1_124' title='bbox 1047 3273 1166 3346; x_wconf 79' lang='lat' dir='ltr'><strong>inves-</strong></span> 
     </span>
     <span class='ocr_line' id='line_1_22' title="bbox 122 3396 1164 3499; baseline 0.004 -33"><span class='ocrx_word' id='word_1_125' title='bbox 122 3396 256 3487; x_wconf 80' lang='lat' dir='ltr'><strong>tigarit</strong></span> <span class='ocrx_word' id='word_1_126' title='bbox 288 3399 541 3499; x_wconf 87' lang='lat' dir='ltr'><strong>hominemque</strong></span> <span class='ocrx_word' id='word_1_127' title='bbox 577 3404 760 3472; x_wconf 86' lang='lat' dir='ltr'><strong>internum</strong></span> <span class='ocrx_word' id='word_1_128' title='bbox 794 3400 1055 3494; x_wconf 85' lang='lat' dir='ltr'><strong>contemplatus</strong></span> <span class='ocrx_word' id='word_1_129' title='bbox 1084 3413 1164 3483; x_wconf 82' lang='lat' dir='ltr'><strong>est,</strong></span> 
     </span>
     <span class='ocr_line' id='line_1_23' title="bbox 122 3520 1166 3620; baseline 0.006 -31"><span class='ocrx_word' id='word_1_130' title='bbox 122 3520 284 3592; x_wconf 83' lang='lat' dir='ltr'><strong>incolam</strong></span> <span class='ocrx_word' id='word_1_131' title='bbox 306 3527 480 3618; x_wconf 87' lang='lat' dir='ltr'><strong>corporis,</strong></span> <span class='ocrx_word' id='word_1_132' title='bbox 507 3529 611 3620; x_wconf 85' lang='lat' dir='ltr'><strong>cujus</strong></span> <span class='ocrx_word' id='word_1_133' title='bbox 640 3538 749 3619; x_wconf 83' lang='lat' dir='ltr'><strong>caput</strong></span> <span class='ocrx_word' id='word_1_134' title='bbox 769 3525 963 3620; x_wconf 87' lang='lat' dir='ltr'><strong>praecipua</strong></span> <span class='ocrx_word' id='word_1_135' title='bbox 983 3546 1064 3619; x_wconf 90' lang='lat' dir='ltr'><strong>pars</strong></span> <span class='ocrx_word' id='word_1_136' title='bbox 1092 3535 1166 3608; x_wconf 82' lang='lat' dir='ltr'><strong>est,</strong></span> 
     </span>
     <span class='ocr_line' id='line_1_24' title="bbox 120 3631 1166 3744; baseline 0.005 -29"><span class='ocrx_word' id='word_1_137' title='bbox 120 3645 164 3714; x_wconf 94' lang='lat' dir='ltr'><strong>in</strong></span> <span class='ocrx_word' id='word_1_138' title='bbox 194 3670 268 3741; x_wconf 85' lang='lat' dir='ltr'><strong>quo</strong></span> <span class='ocrx_word' id='word_1_139' title='bbox 300 3671 400 3719; x_wconf 88' lang='lat' dir='ltr'><strong>mens</strong></span> <span class='ocrx_word' id='word_1_140' title='bbox 433 3631 574 3723; x_wconf 86' lang='lat' dir='ltr'><strong>habitat</strong></span> <span class='ocrx_word' id='word_1_141' title='bbox 611 3649 743 3744; x_wconf 87' lang='lat' dir='ltr'><strong>cuique</strong></span> <span class='ocrx_word' id='word_1_142' title='bbox 776 3653 989 3743; x_wconf 85' lang='lat' dir='ltr'><strong>supponitur</strong></span> <span class='ocrx_word' id='word_1_143' title='bbox 1018 3661 1166 3743; x_wconf 84' lang='lat' dir='ltr'><strong>pact-us,</strong></span> 
     </span>
     <span class='ocr_line' id='line_1_25' title="bbox 120 3771 1169 3869; baseline 0.006 -29"><span class='ocrx_word' id='word_1_144' title='bbox 120 3771 226 3865; x_wconf 83' lang='lat' dir='ltr'><strong>quod</strong></span> <span class='ocrx_word' id='word_1_145' title='bbox 236 3774 386 3844; x_wconf 70' lang='lat' dir='ltr'><strong>mortale</strong></span> <span class='ocrx_word' id='word_1_146' title='bbox 403 3774 541 3846; x_wconf 84' lang='lat' dir='ltr'><strong>animae</strong></span> <span class='ocrx_word' id='word_1_147' title='bbox 556 3798 667 3867; x_wconf 78' lang='lat' dir='ltr'><strong>genus</strong></span> <span class='ocrx_word' id='word_1_148' title='bbox 689 3774 854 3844; x_wconf 82' lang='lat' dir='ltr'><strong>recondi-t</strong></span> <span class='ocrx_word' id='word_1_149' title='bbox 871 3787 998 3869; x_wconf 89' lang='lat' dir='ltr'><strong>estque</strong></span> <span class='ocrx_word' id='word_1_150' title='bbox 1022 3775 1169 3846; x_wconf 80' lang='lat' dir='ltr'><strong>fortitu·</strong></span> 
     </span>
     <span class='ocr_line' id='line_1_26' title="bbox 118 3893 1166 3994; baseline 0.006 -28"><span class='ocrx_word' id='word_1_151' title='bbox 118 3893 222 3966; x_wconf 84' lang='lat' dir='ltr'><strong>dinis</strong></span> <span class='ocrx_word' id='word_1_152' title='bbox 247 3897 367 3979; x_wconf 84' lang='lat' dir='ltr'><strong>sedes,</strong></span> <span class='ocrx_word' id='word_1_153' title='bbox 402 3898 516 3993; x_wconf 81' lang='lat' dir='ltr'><strong>capiti</strong></span> <span class='ocrx_word' id='word_1_154' title='bbox 537 3903 716 3993; x_wconf 83' lang='lat' dir='ltr'><strong>proprior,</strong></span> <span class='ocrx_word' id='word_1_155' title='bbox 740 3899 873 3969; x_wconf 82' lang='lat' dir='ltr'><strong>rationi·</strong></span> <span class='ocrx_word' id='word_1_156' title='bbox 897 3899 1166 3994; x_wconf 84' lang='lat' dir='ltr'><strong>obtemperans,</strong></span> 
     </span>
     <span class='ocr_line' id='line_1_27' title="bbox 119 4021 1183 4120; baseline 0.008 -30"><span class='ocrx_word' id='word_1_157' title='bbox 119 4041 221 4115; x_wconf 81' lang='lat' dir='ltr'><strong>quac</strong></span> <span class='ocrx_word' id='word_1_158' title='bbox 247 4021 425 4116; x_wconf 85' lang='lat' dir='ltr'><strong>imperant</strong></span> <span class='ocrx_word' id='word_1_159' title='bbox 454 4022 732 4120; x_wconf 85' lang='lat' dir='ltr'><strong>cupiditatibus,</strong></span> <span class='ocrx_word' id='word_1_160' title='bbox 756 4025 891 4102; x_wconf 66' lang='lat' dir='ltr'><strong>uentris</strong></span> <span class='ocrx_word' id='word_1_161' title='bbox 911 4025 1094 4120; x_wconf 79' lang='lat' dir='ltr'><strong>regionem</strong></span> <span class='ocrx_word' id='word_1_162' title='bbox 1112 4037 1183 4098; x_wconf 86' lang='lat' dir='ltr'><strong>te·-</strong></span> 
     </span>
    </p>
   </div>
   <div class='ocr_carea' id='block_1_9' title="bbox 0 0 1292 5040">
    <p class='ocr_par' dir='ltr' id='par_1_9' title="bbox 0 0 1292 5040">
     <span class='ocr_line' id='line_1_28' title="bbox 0 0 1292 5040; baseline 0 0"><span class='ocrx_word' id='word_1_163' title='bbox 0 0 1292 5040; x_wconf 95' lang='lat' dir='ltr'><strong> </strong></span> 
     </span>
    </p>
   </div>
  </div>
 </body>
</html>
