2550 5040
283 1300 467 1360 HISTORIA
492 1301 707 1358 MEDICINAE
726 1299 962 1360 BECENTIOR.

138 1640 347 1737 Hucusque
364 1640 549 1711 historiam
565 1639 765 1712 medicinae
782 1640 820 1710 in
838 1639 924 1711 orbe
942 1642 1055 1713 veteri
1077 1655 1146 1738 tre7

94 1755 280 1847 tidimus,
313 1789 405 1860 quoe
435 1765 479 1835 ab
509 1764 770 1846 Orientalibus,
808 1762 974 1845 Graecis,
1008 1765 1145 1839 Latinis

94 1890 244 1980 »opulis
268 1890 365 1959 culta
387 1889 516 1959 horum
534 1888 748 1981 populorum
774 1865 1018 1959 characterem
1043 1891 1146 1963 indo·

94 2026 246 2108 emque
280 2013 447 2083 ostendit.
506 2011 697 2106 Sequitur,
739 2025 781 2083 ut
820 2012 1000 2083 tradamus
1035 2014 1147 2087 histo·

95 2126 192 2204 iarn
214 2135 414 2207 medicinae
436 2137 474 2205 in
499 2135 584 2206 orbe
604 2158 715 2216 novo,
746 2121 840 2229 quae
861 2158 952 2216 non,
978 2138 1041 2233 qui
1058 2162 1148 2209 non-

94 2258 285 2330 rullorum
314 2283 411 2331 error
441 2272 512 2344 est,
546 2259 716 2329 historiae
749 2258 949 2366 medicinae
976 2263 1148 2357 antiquae

98 2384 268 2474 pposiu
289 2395 353 2453 aut
377 2384 573 2467 contraria,
600 2384 663 2490 sed
686 2382 721 2452 ei
744 2386 912 2479 contigua
933 2398 1010 2468 est,
1034 2399 1078 2458 ut
1096 2389 1156 2475 le-¹

94 2498 152 2571 >is
179 2506 297 2578 factus
322 2508 369 2578 sit
392 2508 437 2579 ab
456 2532 529 2579 una
552 2507 598 2579 ad
621 2509 769 2595 alteram
794 2510 963 2580 transitus
988 2524 1026 2582 et
1047 2523 1158 2599 rete-2

94 2618 139 2693 'ts
184 2631 267 2703 aevi
298 2608 511 2703 traditiones
545 2631 589 2701 ad
621 2632 838 2702 recentiores
864 2635 992 2728 utique
1024 2616 1148 2728 gentes

94 2756 297 2826 ”anslatae
329 2756 486 2848 ipsarum
519 2755 719 2825 erudierint
749 2752 981 2849 juventutem
1016 2782 1148 2855 easque

94 2879 296 2963 Ocuerint
324 2879 467 2964 eutium⁴
485 2878 787 2977 scientiarumque
809 2881 1040 2971 rudimenta,
1072 2885 1149 2969 Hu-

94 3015 161 3070 ls
180 3005 233 3074 rei
253 3003 455 3075 testimonia
472 3016 555 3074 sunt
572 2988 805 3088 Anrsrornrrs
825 3003 1033 3091 Geenrroor
1050 3032 1147 3081 sum·

94 3138 165 3196 la
196 3127 236 3197 in
265 3126 398 3198 scholis
432 3128 728 3223 philosophorum
762 3139 800 3210 et
827 3131 1050 3202 medicorum
1082 3112 1157 3228 per-

94 3260 210 3322 mne
230 3273 359 3323 aerum
376 3254 535 3345 medium
554 3253 749 3324 anctontas
758 3252 939 3338 Arabum,
964 3257 1148 3364 ιιιιόιιιίιι-

94 3383 178 3444 uc
206 3375 350 3469 Europa
383 3379 491 3452 etiam
514 3377 705 3448 Litteraria
730 3365 950 3489 dominium,
976 3352 1149 3507 Codicum

94 3507 270 3570 ererum
308 3499 347 3568 in
377 3503 602 3571 monasteriis
642 3500 805 3573 custodia
842 3515 880 3574 et
911 3527 1021 3591 eura,
1045 3471 1147 3597 ritus

94 3598 289 3698 *eclesiae
320 3623 480 3696 Graecae
512 3638 550 3695 ct
571 3600 768 3715 Romanae,
794 3611 990 3746 communis
1018 3612 1152 3734 Erudrss

94 3740 224 3817 torum
257 3747 396 3842 Lingua
427 3749 554 3819 Latina
582 3751 765 3845 multaque
797 3750 906 3820 alia
895 3775 935 3842 ιιιΙ
935 3705 1150 3854 moribus,

105 3867 255 3951 studiis,
283 3875 450 3966 omnique
481 3876 555 3943 vita
581 3875 793 3966 populorum
821 3874 1068 3981 recentiorum
1086 3842 1149 3956 oir-¹
1208 3864 1238 3973 A*

117 3995 290 4065 servanda.
340 3996 463 4091 Neque
483 3997 781 4114 praetervider'rda
811 4014 865 4113 est
874 3982 1054 4123 gentium
1065 3974 1147 4121 Ειι·
