2550 5040
333 362 431 435 *srva
451 363 687 452 annonariu-
702 366 978 428 unnrcrmnns.
996 408 1007 432 .,
1124 340 1190 425 'oo

135 529 308 609 liberum
334 543 467 635 quippe
501 541 697 615 extinctum
724 556 800 614 erat
822 557 859 614 et
886 567 1060 617 summum
1088 520 1210 614 iltuds

140 651 359 733 Graecorum
399 691 440 734 ao
477 668 712 738 Romanorum
753 669 957 762 principum
996 666 1182 760 ingenium

142 786 326 880 omnisque
346 791 505 883 cognitio
525 791 696 871 felicioris
712 805 787 863 erat
805 795 885 866 aevi
905 791 1076 864 memoria
1088 815 1180 862 nun·

139 909 313 1002 cupande.
689 1002 692 1007 g
920 1002 926 1011 ι

143 1084 145 1089 ·
192 1037 259 1115 Est
285 1032 457 1106 Amideni
483 1062 591 1130 opus.
622 1052 666 1111 ut
688 1041 855 1117 Oamasn
882 1040 1046 1112 Sardiani
1072 1042 1181 1115 docta

129 1159 361 1257 compilatio,
386 1182 453 1229 nec
482 1172 601 1231 tamen
630 1163 706 1234 sine
732 1163 878 1233 delectu
899 1187 941 1232 ac
958 1165 1100 1256 judicio
1124 1164 1184 1237 fa·.

125 1291 209 1356 cta.
259 1287 364 1378 Sunt*
383 1294 547 1353 veterum
575 1287 835 1368 Hrrrocnsrts,
872 1286 1031 1370 Gitnru,
1066 1290 1176 1373 Rom..

123 1407 378 1490 Ancntcsrtm,
404 1407 553 1478 aliorum
570 1411 791 1481 medicorum
812 1412 892 1480 loca
913 1413 1046 1483 selecta
1068 1424 1106 1483 et
1125 1438 1179 1484 se-

122 1530 253 1607 lectae
270 1533 545 1609 medicaminum
558 1532 741 1626 formulae,
776 1536 928 1625 Maxima
949 1535 1066 1629 operis
1077 1560 1179 1631 pars,

121 1677 235 1730 more
260 1657 391 1739 seculi,
416 1657 461 1726 ad
488 1659 672 1728 materiem
691 1657 867 1729 medicam
892 1658 1051 1753 pertinet
1069 1671 1107 1731 et
1130 1661 1177 1731 ab

121 1775 207 1852 hae
227 1806 372 1877 quoque
396 1783 540 1852 initium
568 1781 620 1852 fit.
669 1783 915 1863 Recensentur
938 1784 1177 1855 medicamina

123 1885 333 1978 secundum
361 1901 517 1999 ipsorum
548 1906 740 1999 qualitates
766 1918 874 2000 atque
903 1907 1030 1978 harum
1061 1909 1181 2002 quali-s

124 2036 252 2107 tatum
273 2030 434 2112 ordines,
459 2054 556 2100 more
575 2027 757 2102 Galenioo.
806 2031 859 2100 Ex
881 2030 1006 2100 harum
1023 2033 1177 2126 qualita-

127 2160 215 2225 tum
242 2155 411 2248 gradibus
437 2154 780 2225 medicamentorum
809 2152 1033 2227 definiuntur
1060 2157 1176 2228 virtu·

74 2369 77 2374 ‚
125 2281 193 2348 tes
213 2280 382 2350 medicae.
433 2266 522 2348 Illae
552 2280 706 2348 virtutes
738 2291 1002 2371 cognoscuntur
1031 2306 1174 2375 sapore,

104 2399 262 2484 odore,
283 2404 416 2484 calore,
436 2404 587 2473 maxime
603 2427 689 2473 vero
705 2404 935 2496 experientia.
971 2407 1095 2481 Utitur
1112 2432 1175 2478 au·

122 2528 211 2594 tem
234 2526 359 2619 ordine
385 2526 497 2598 ducto
522 2552 543 2596 a
568 2526 684 2611 tribus
713 2538 864 2598 naturae
888 2530 1020 2621 regnis:
1047 2531 1098 2601 ita
1120 2543 1174 2606 ta·.

121 2663 236 2729 men,
259 2661 302 2720 ut
328 2652 444 2744 primo
470 2651 516 2722 de
541 2652 823 2744 vegetabilibus,
852 2663 929 2722 tum
951 2652 998 2723 de
1021 2655 1175 2724 metalli·

90 2769 214 2854 eie,
242 2773 399 2870 denique
431 2776 478 2846 de
512 2775 723 2845 animalibus
756 2775 963 2867 corporibus
995 2786 1100 2868 agat,
1133 2776 1173 2846 in

119 2898 282 2967 materia
303 2898 443 2971 medica
467 2898 641 2973 Gatnrtmt
669 2897 830 2992 inprimis
857 2897 992 2981 ducem
1014 2910 1169 2971 secutus.

121 3011 243 3090 Porro
266 3021 377 3093 tradit
398 3023 618 3094 diaeteticen
640 3046 713 3092 non
736 3031 878 3090 tantum
898 3021 1084 3106 universe,
1109 3049 1171 3097 ve·

124 3156 215 3211 mm
232 3146 339 3226 etiam
366 3147 563 3218 secundum
587 3158 746 3226 aetates,
779 3144 877 3216 vitae
905 3170 1054 3238 genera,
1081 3159 1170 3218 tem-

127 3277 346 3346 peramenta.
376 3338 379 3345 ,
404 3273 457 3342 De
489 3272 590 3343 victu
618 3293 810 3366 puerorum
842 3282 941 3341 recte
975 3273 1167 3364 praecepit.

128 3377 491 3488 Quaado-temperie
508 3396 700 3466 traduntur
719 3408 792 3466 tam
813 3394 970 3488 corporis
987 3395 1167 3475 universi,

126 3520 412 3612 quampariium
435 3520 669 3612 singularum,
700 3543 743 3588 ea
773 3531 903 3589 cuncta
923 3530 1007 3588 sunt
1029 3543 1071 3589 ex
1092 3516 1167 3609 Ga·

125 3639 230 3710 Leno,
276 3643 322 3720 In
356 3645 549 3714 semioticis
580 3655 617 3714 et
643 3644 879 3736 prognosticis
910 3645 1165 3732 Hrrrocaarnn

120 3763 274 3836 secutus
299 3777 375 3848 est,
400 3767 437 3835 in
457 3767 642 3859 nosologia
667 3763 851 3839 Grumum.
899 3766 1049 3837 Febrem
1074 3767 1168 3860 lipy·
1218 3823 1219 3827 ,

112 3866 220 3955 riam
237 3901 400 3962 veterum
417 3913 437 3959 a
455 3892 645 3960 ventriculi
662 3888 872 3986 erysipelate
888 3890 1070 3982 repetivit.
1094 3890 1164 3963 Vas
1272 3915 1274 3920 ·

109 3987 197 4071 ‘5³⁸
223 4011 384 4102 distinxit
400 4008 557 4084 tussium
581 4014 727 4109 species.
777 4013 987 4108 Pleuritidis
1012 4039 1163 4086 veraea
