2566 5040
130 379 173 441 aa
192 334 263 442 “nc
282 381 491 442 Antronas
506 379 627 443 mma
646 379 828 442 vernaus
846 363 1105 444 cocroar‘aas.

125 604 127 610 =
170 561 309 631 Dracm
335 558 632 656 Carystioaetate
654 560 821 642 inferior,
847 560 979 655 gloriae
1008 562 1171 632 aemulus

122 685 373 754 :Paaxacoaas
397 685 509 757 Cous:
535 709 643 780 quem
670 686 818 756 arterias
844 709 865 756 a
892 685 994 756 venis
1016 685 1172 777 primunr

130 808 351 891 distinxisse,
379 809 527 900 pulsum
555 809 746 879 invenisse
764 833 805 878 ac
832 822 1000 903 tanquam
1029 809 1191 901 sigrium¹

129 931 169 999 in
198 931 332 1001 morbis
363 932 589 1012 adhibuisse,
625 932 857 1025 amplificasse
887 932 1043 1026 denique
1074 908 1193 1025 mag-¹

68 1114 75 1131 .
128 1078 263 1148 nopere
285 1054 474 1124 humorum
495 1055 755 1148 pathologiam,
782 1056 914 1126 ierunt.
944 1057 1049 1126 Prius
1069 1069 1170 1147 recte

126 1178 316 1248 dubitatur
332 1203 447 1275 eoque
465 1203 571 1249 sensu
591 1171 864 1271 intelligendum
881 1179 1045 1260 videtur,
1059 1180 1170 1273 ,quod

126 1303 212 1371 rite.
229 1304 386 1395 positum
420 1303 614 1372 discrimen
645 1304 690 1387 ad
721 1301 806 1371 artis
840 1326 945 1370 usum
974 1304 1168 1374 transtulit.

127 1426 273 1497 Scilicet
294 1427 459 1520 quaestio
482 1425 623 1496 illa-de>
638 1428 774 1518 origine
808 1449 978 1496 venarum
1012 1439 1050 1496 et
1076 1439 1168 1499 arte·

62 1583 67 1589 =
126 1551 260 1620 riarum
288 1561 451 1621 veterum
466 1563 612 1620 mentes
636 1562 970 1642 praeoccupaverat.
1019 1551 1067 1623 ln
1091 1575 1168 1622 cor·

123 1696 211 1767 pore
240 1683 284 1743 ut
310 1672 349 1741 in
374 1673 509 1742 circulo
530 1698 651 1767 neque
682 1676 828 1744 initium
851 1661 950 1755 esse,
975 1697 1095 1769 neque
1125 1675 1168 1747 fi«

123 1823 227 1879 nem,
248 1797 324 1890 jam
341 1795 480 1897 pridem
499 1811 688 1867 monuerat
704 1799 856 1890 scriptor
870 1798 1182 1893 *Hippocraticua

123 1923 240 1992 Infea
273 1933 394 1990 tamen
426 1924 676 2014 praesensione
701 1946 776 1991 non
806 1921 1037 2016 acquieverat
1064 1922 1171 1992 theo·

122 2049 195 2128 ria,
220 2047 282 2116 sed
303 2056 476 2139 perpetuo
497 2046 595 2115 aliud
611 2042 829 2139 principium
848 2056 1042 2127 statuerat,
1067 2046 1168 2118 unde

35 2233 37 2239 .
121 2195 235 2242 venae
269 2182 306 2240 et
338 2170 491 2238 arteriae
523 2171 848 2261 proficiscerentur.
907 2170 1167 2268 Quaestionem

120 2299 173 2367 ita
196 2292 431 2365 dirimendam
457 2293 600 2385 putavit
619 2292 877 2376 Paaxaconas,
903 2305 946 2364 ut
972 2295 1122 2365 arterias
1144 2318 1168 2365 a

119 2421 228 2490 corde
255 2416 375 2497 nasci,
406 2415 584 2509 propriam
615 2427 736 2487 tamen
766 2416 901 2488 habere
924 2418 996 2488 vim
1020 2418 1167 2511 pulsan·

35 2622 38 2628 ,
120 2557 193 2614 tem
217 2567 237 2611 a
258 2541 375 2610 cordis
396 2541 433 2611 vi
462 2519 679 2633 sejunctam,
705 2540 890 2627 docuerit:
916 2566 988 2637 qua
1010 2542 1163 2637 quidem

117 2668 328 2738 inventione
349 2658 687 2758 magnum‘ac'cessit
706 2664 752 2733 ad
774 2666 1025 2758 prognosticon
1045 2666 1167 2738 inere·

117 2804 299 2878 mentum,
323 2791 410 2886 quia
427 2791 472 2859 ab
499 2790 568 2859 hoo
586 2789 671 2858 inde
694 2801 853 2883 tempore
869 2790 915 2859 ad
939 2791 1082 2885 pulsum
1100 2791 1166 2863 ad.

115 2917 219 2995 tendi
240 2917 277 2985 in
293 2914 429 2986 morbis
449 2927 616 3009 coeptum
638 2925 702 2984 est
753 2891 1063 3004 Quemadmodum
1090 2913 1165 2985 hoe

114 3039 444 3110 invento'Drocms
473 3039 602 3110 famam
634 3060 818 3130 superasse
851 3039 1052 3108 censendus
1081 3050 1163 3120 est,

115 3165 170 3232 sic
196 3164 236 3231 in
261 3162 490 3237 Paaxrcona
512 3165 647 3257 ingenii
680 3161 821 3232 Dioclei
848 3149 1096 3235 desideramus
1117 3163 1166 3239 li,-

115 3287 351 3357 beralitatem.
400 3288 525 3381 Neque
557 3289 652 3357 enim
682 3277 867 3378 hujus'ad
894 3287 1077 3380 >exemplar
1106 3313 1169 3360 se-

114 3425 197 3482 'etae
218 3412 440 3506 dogmaticae
461 3436 597 3482 errores
618 3411 865 3504 impugnavit,
892 3432 1018 3478 verum
1043 3385 1166 3505 hypo,-

91 3537 289 3608 ·theticam
310 3539 501 3607 humorum
516 3535 757 3631 pathologiam
783 3533 872 3602 mire
895 3534 1037 3618 ornavit
1062 3535 1190 3628 ejus·

112 3684 187 3753 quc
218 3662 308 3733 fines
335 3662 525 3754 valdopere
558 3662 730 3732 extendit.
779 3648 959 3729 Videlicet
972 3682 1052 3729 non
1074 3685 1165 3734 corr·

113 3795 236 3852 tentus
270 3798 433 3857 veterum
460 3784 741 3876 dogmaticoruru
771 3783 809 3851 iu
839 3782 1028 3859 humorum
1059 3788 1165 3860 vitiis

58 3899 61 3904 ’
113 3907 311 3978 condendis
332 3910 563 4004 parsimonia,
589 3907 715 3977 decem
741 3906 844 3976 [inxit
863 3907 1031 3993 humores
1049 3910 1163 3983 vitio.-

116 4055 189 4101 sos:
217 4030 340 4115 dulce,
368 4035 541 4116 vitreum,
569 4024 730 4116 aeidum,
763 4033 1164 4128 nitrosum‚salinuur,
1196 4033 1198 4038 ’
