<?xml version="1.0" encoding="UTF-8"?>
<!DOCTYPE html PUBLIC "-//W3C//DTD XHTML 1.0 Transitional//EN"
    "http://www.w3.org/TR/xhtml1/DTD/xhtml1-transitional.dtd">
<html xmlns="http://www.w3.org/1999/xhtml" xml:lang="en" lang="en">
 <head>
  <title>
</title>
<meta http-equiv="Content-Type" content="text/html;charset=utf-8" />
  <meta name='ocr-system' content='tesseract 3.04.00' />
  <meta name='ocr-capabilities' content='ocr_page ocr_carea ocr_par ocr_line ocrx_word'/>
</head>
<body>
  <div class='ocr_page' id='page_1' title='image "./dehistoriamedic00hoevgoog_0025.png"; bbox 0 0 2566 5040; ppageno 0'>
   <div class='ocr_carea' id='block_1_1' title="bbox 546 594 788 620">
    <p class='ocr_par' dir='ltr' id='par_1_1' title="bbox 546 594 788 620">
     <span class='ocr_line' id='line_1_1' title="bbox 546 594 788 620; baseline 0.004 -5"><span class='ocrx_word' id='word_1_1' title='bbox 546 594 788 620; x_wconf 44' lang='lat' dir='ltr'><strong>“mm—-</strong></span> 
     </span>
    </p>
   </div>
   <div class='ocr_carea' id='block_1_2' title="bbox 510 696 850 788">
    <p class='ocr_par' dir='ltr' id='par_1_2' title="bbox 510 696 850 788">
     <span class='ocr_line' id='line_1_2' title="bbox 510 696 850 788; baseline 0.006 -3"><span class='ocrx_word' id='word_1_2' title='bbox 510 696 850 788; x_wconf 75' lang='lat' dir='ltr'><strong>sacrarrn</strong></span> 
     </span>
    </p>
   </div>
   <div class='ocr_carea' id='block_1_3' title="bbox 85 952 1250 1792">
    <p class='ocr_par' dir='ltr' id='par_1_3' title="bbox 85 952 1250 1792">
     <span class='ocr_line' id='line_1_3' title="bbox 171 952 1191 1053; baseline -0.001 -24"><span class='ocrx_word' id='word_1_3' title='bbox 171 971 174 974; x_wconf 76' lang='grc'>’</span> <span class='ocrx_word' id='word_1_4' title='bbox 204 960 317 1029; x_wconf 82' lang='lat' dir='ltr'>Fuere</span> <span class='ocrx_word' id='word_1_5' title='bbox 350 953 506 1048; x_wconf 85' lang='lat' dir='ltr'><strong>AEgyptii</strong></span> <span class='ocrx_word' id='word_1_6' title='bbox 537 979 621 1048; x_wconf 84' lang='lat' dir='ltr'><strong>gens</strong></span> <span class='ocrx_word' id='word_1_7' title='bbox 652 979 716 1049; x_wconf 88' lang='lat' dir='ltr'><strong>per</strong></span> <span class='ocrx_word' id='word_1_8' title='bbox 745 952 992 1027; x_wconf 83' lang='lat' dir='ltr'><strong>excellentiam</strong></span> <span class='ocrx_word' id='word_1_9' title='bbox 1024 955 1191 1053; x_wconf 84' lang='lat' dir='ltr'><strong>agricola.</strong></span> 
     </span>
     <span class='ocr_line' id='line_1_4' title="bbox 157 1078 1200 1174; baseline -0.003 -21"><span class='ocrx_word' id='word_1_10' title='bbox 157 1081 216 1154; x_wconf 89' lang='lat' dir='ltr'><strong>Ad</strong></span> <span class='ocrx_word' id='word_1_11' title='bbox 238 1079 488 1174; x_wconf 80' lang='lat' dir='ltr'>agriculturam</span> <span class='ocrx_word' id='word_1_12' title='bbox 508 1078 604 1150; x_wconf 87' lang='lat' dir='ltr'><strong>lacta</strong></span> <span class='ocrx_word' id='word_1_13' title='bbox 629 1080 773 1149; x_wconf 91' lang='lat' dir='ltr'><strong>omuino</strong></span> <span class='ocrx_word' id='word_1_14' title='bbox 796 1080 867 1151; x_wconf 94' lang='lat' dir='ltr'><strong>loci</strong></span> <span class='ocrx_word' id='word_1_15' title='bbox 889 1092 1020 1152; x_wconf 88' lang='lat' dir='ltr'><strong>natura</strong></span> <span class='ocrx_word' id='word_1_16' title='bbox 1042 1079 1200 1152; x_wconf 80' lang='lat' dir='ltr'><strong>videba-</strong></span> 
     </span>
     <span class='ocr_line' id='line_1_5' title="bbox 157 1201 1198 1298; baseline -0.001 -23"><span class='ocrx_word' id='word_1_17' title='bbox 157 1204 217 1275; x_wconf 82' lang='lat' dir='ltr'><strong>tur</strong></span> <span class='ocrx_word' id='word_1_18' title='bbox 230 1215 267 1273; x_wconf 90' lang='lat' dir='ltr'><strong>et</strong></span> <span class='ocrx_word' id='word_1_19' title='bbox 286 1225 404 1272; x_wconf 88' lang='lat' dir='ltr'><strong>annua</strong></span> <span class='ocrx_word' id='word_1_20' title='bbox 423 1201 494 1273; x_wconf 86' lang='lat' dir='ltr'><strong>Nili</strong></span> <span class='ocrx_word' id='word_1_21' title='bbox 508 1201 665 1273; x_wconf 90' lang='lat' dir='ltr'><strong>fluminis</strong></span> <span class='ocrx_word' id='word_1_22' title='bbox 682 1229 702 1273; x_wconf 88' lang='lat' dir='ltr'><strong>e</strong></span> <span class='ocrx_word' id='word_1_23' title='bbox 720 1203 807 1298; x_wconf 87' lang='lat' dir='ltr'><strong>ripis</strong></span> <span class='ocrx_word' id='word_1_24' title='bbox 832 1205 904 1275; x_wconf 91' lang='lat' dir='ltr'><strong>suis</strong></span> <span class='ocrx_word' id='word_1_25' title='bbox 924 1203 1096 1297; x_wconf 82' lang='lat' dir='ltr'>egressio,</span> <span class='ocrx_word' id='word_1_26' title='bbox 1120 1227 1198 1298; x_wconf 91' lang='lat' dir='ltr'><strong>qua</strong></span> 
     </span>
     <span class='ocr_line' id='line_1_6' title="bbox 85 1311 1250 1422; baseline -0.004 -21"><span class='ocrx_word' id='word_1_27' title='bbox 85 1386 89 1401; x_wconf 93' lang='lat'>.</span> <span class='ocrx_word' id='word_1_28' title='bbox 158 1311 466 1400; x_wconf 72' lang='lat' dir='ltr'><strong>foecundabantur</strong></span> <span class='ocrx_word' id='word_1_29' title='bbox 496 1327 587 1418; x_wconf 84' lang='lat' dir='ltr'><strong>agri,</strong></span> <span class='ocrx_word' id='word_1_30' title='bbox 620 1351 662 1397; x_wconf 84' lang='lat' dir='ltr'><strong>ex</strong></span> <span class='ocrx_word' id='word_1_31' title='bbox 693 1351 765 1422; x_wconf 91' lang='lat' dir='ltr'><strong>qua</strong></span> <span class='ocrx_word' id='word_1_32' title='bbox 789 1329 913 1422; x_wconf 90' lang='lat' dir='ltr'><strong>populi</strong></span> <span class='ocrx_word' id='word_1_33' title='bbox 939 1329 1033 1399; x_wconf 91' lang='lat' dir='ltr'><strong>salus</strong></span> <span class='ocrx_word' id='word_1_34' title='bbox 1060 1322 1200 1421; x_wconf 53' lang='lat' dir='ltr'><strong>pende?</strong></span> <span class='ocrx_word' id='word_1_35' title='bbox 1248 1323 1250 1327; x_wconf 70' lang='grc'><strong>’</strong></span> 
     </span>
     <span class='ocr_line' id='line_1_7' title="bbox 157 1448 1200 1545; baseline -0.004 -23"><span class='ocrx_word' id='word_1_36' title='bbox 157 1451 237 1522; x_wconf 89' lang='lat' dir='ltr'><strong>bat:</strong></span> <span class='ocrx_word' id='word_1_37' title='bbox 263 1451 360 1518; x_wconf 90' lang='lat' dir='ltr'><strong>unde</strong></span> <span class='ocrx_word' id='word_1_38' title='bbox 386 1449 499 1518; x_wconf 91' lang='lat' dir='ltr'><strong>omnis</strong></span> <span class='ocrx_word' id='word_1_39' title='bbox 518 1472 640 1518; x_wconf 90' lang='lat' dir='ltr'><strong>eorum</strong></span> <span class='ocrx_word' id='word_1_40' title='bbox 660 1449 875 1545; x_wconf 82' lang='lat' dir='ltr'><strong>mythologie</strong></span> <span class='ocrx_word' id='word_1_41' title='bbox 890 1463 928 1521; x_wconf 91' lang='lat' dir='ltr'><strong>et</strong></span> <span class='ocrx_word' id='word_1_42' title='bbox 944 1453 1100 1522; x_wconf 84' lang='lat' dir='ltr'><strong>Deorum</strong></span> <span class='ocrx_word' id='word_1_43' title='bbox 1121 1448 1200 1518; x_wconf 92' lang='lat' dir='ltr'><strong>cul-</strong></span> 
     </span>
     <span class='ocr_line' id='line_1_8' title="bbox 143 1574 1200 1666; baseline -0.003 -21"><span class='ocrx_word' id='word_1_44' title='bbox 143 1587 217 1656; x_wconf 63' lang='lat' dir='ltr'><strong>,tus</strong></span> <span class='ocrx_word' id='word_1_45' title='bbox 238 1574 423 1644; x_wconf 89' lang='lat' dir='ltr'><strong>hominum</strong></span> <span class='ocrx_word' id='word_1_46' title='bbox 443 1583 519 1642; x_wconf 86' lang='lat' dir='ltr'><strong>erat</strong></span> <span class='ocrx_word' id='word_1_47' title='bbox 543 1575 783 1666; x_wconf 82' lang='lat' dir='ltr'>agricolarum.</span> <span class='ocrx_word' id='word_1_48' title='bbox 833 1576 927 1645; x_wconf 82' lang='lat' dir='ltr'><strong>Hinc</strong></span> <span class='ocrx_word' id='word_1_49' title='bbox 947 1575 1065 1644; x_wconf 90' lang='lat' dir='ltr'><strong>cultus</strong></span> <span class='ocrx_word' id='word_1_50' title='bbox 1086 1584 1200 1643; x_wconf 89' lang='lat' dir='ltr'><strong>astro·</strong></span> 
     </span>
     <span class='ocr_line' id='line_1_9' title="bbox 158 1696 1202 1792; baseline -0.006 -21"><span class='ocrx_word' id='word_1_51' title='bbox 158 1723 239 1771; x_wconf 93' lang='lat' dir='ltr'><strong>rum</strong></span> <span class='ocrx_word' id='word_1_52' title='bbox 261 1709 298 1768; x_wconf 91' lang='lat' dir='ltr'><strong>et</strong></span> <span class='ocrx_word' id='word_1_53' title='bbox 319 1696 391 1768; x_wconf 90' lang='lat' dir='ltr'><strong>Nili</strong></span> <span class='ocrx_word' id='word_1_54' title='bbox 412 1708 448 1767; x_wconf 90' lang='lat' dir='ltr'><strong>et</strong></span> <span class='ocrx_word' id='word_1_55' title='bbox 467 1697 670 1767; x_wconf 86' lang='lat' dir='ltr'><strong>animalium</strong></span> <span class='ocrx_word' id='word_1_56' title='bbox 688 1698 855 1792; x_wconf 89' lang='lat' dir='ltr'><strong>illiusque</strong></span> <span class='ocrx_word' id='word_1_57' title='bbox 878 1697 1015 1769; x_wconf 89' lang='lat' dir='ltr'><strong>stabilis</strong></span> <span class='ocrx_word' id='word_1_58' title='bbox 1035 1697 1137 1767; x_wconf 89' lang='lat' dir='ltr'><strong>sedes</strong></span> <span class='ocrx_word' id='word_1_59' title='bbox 1159 1707 1202 1766; x_wconf 89' lang='lat' dir='ltr'><strong>et</strong></span> 
     </span>
    </p>
   </div>
   <div class='ocr_carea' id='block_1_4' title="bbox 40 1819 1202 1916">
    <p class='ocr_par' dir='ltr' id='par_1_4' title="bbox 40 1819 1202 1916">
     <span class='ocr_line' id='line_1_10' title="bbox 40 1819 1202 1916; baseline -0.005 -20"><span class='ocrx_word' id='word_1_60' title='bbox 40 1831 42 1834; x_wconf 72' lang='grc'>’</span> <span class='ocrx_word' id='word_1_61' title='bbox 160 1823 291 1916; x_wconf 87' lang='lat' dir='ltr'><strong>templa</strong></span> <span class='ocrx_word' id='word_1_62' title='bbox 306 1832 343 1892; x_wconf 90' lang='lat' dir='ltr'><strong>et</strong></span> <span class='ocrx_word' id='word_1_63' title='bbox 358 1821 480 1893; x_wconf 90' lang='lat' dir='ltr'><strong>odium</strong></span> <span class='ocrx_word' id='word_1_64' title='bbox 495 1823 654 1914; x_wconf 75' lang='lat' dir='ltr'><strong>gentium</strong></span> <span class='ocrx_word' id='word_1_65' title='bbox 668 1823 951 1902; x_wconf 88' lang='lat' dir='ltr'><strong>nomadicarum,</strong></span> <span class='ocrx_word' id='word_1_66' title='bbox 977 1821 1079 1891; x_wconf 88' lang='lat' dir='ltr'><strong>cuius</strong></span> <span class='ocrx_word' id='word_1_67' title='bbox 1093 1819 1202 1914; x_wconf 86' lang='lat' dir='ltr'><strong>plura</strong></span> 
     </span>
    </p>
   </div>
   <div class='ocr_carea' id='block_1_5' title="bbox 159 1937 1203 2785">
    <p class='ocr_par' dir='ltr' id='par_1_5' title="bbox 159 1937 1202 2415">
     <span class='ocr_line' id='line_1_11' title="bbox 159 1937 1202 2041; baseline -0.005 -24"><span class='ocrx_word' id='word_1_68' title='bbox 159 1955 321 2041; x_wconf 76' lang='lat' dir='ltr'><strong>prostant</strong></span> <span class='ocrx_word' id='word_1_69' title='bbox 351 1946 389 2015; x_wconf 92' lang='lat' dir='ltr'><strong>iu</strong></span> <span class='ocrx_word' id='word_1_70' title='bbox 413 1937 559 2017; x_wconf 79' lang='lat' dir='ltr'><strong>Litteris</strong></span> <span class='ocrx_word' id='word_1_71' title='bbox 582 1946 697 2018; x_wconf 89' lang='lat' dir='ltr'><strong>Sacris</strong></span> <span class='ocrx_word' id='word_1_72' title='bbox 720 1947 889 2040; x_wconf 84' lang='lat' dir='ltr'><strong>exempla.</strong></span> <span class='ocrx_word' id='word_1_73' title='bbox 944 1944 1043 2014; x_wconf 89' lang='lat' dir='ltr'><strong>Hinc·</strong></span> <span class='ocrx_word' id='word_1_74' title='bbox 1057 1967 1202 2037; x_wconf 86' lang='lat' dir='ltr'><strong>geome-</strong></span> 
     </span>
     <span class='ocr_line' id='line_1_12' title="bbox 161 2067 1202 2161; baseline -0.004 -22"><span class='ocrx_word' id='word_1_75' title='bbox 161 2067 272 2148; x_wconf 83' lang='lat' dir='ltr'><strong>triae,</strong></span> <span class='ocrx_word' id='word_1_76' title='bbox 298 2071 550 2150; x_wconf 82' lang='lat' dir='ltr'><strong>astronomiae,</strong></span> <span class='ocrx_word' id='word_1_77' title='bbox 576 2069 785 2160; x_wconf 80' lang='lat' dir='ltr'><strong>astrologiae</strong></span> <span class='ocrx_word' id='word_1_78' title='bbox 820 2070 979 2140; x_wconf 91' lang='lat' dir='ltr'><strong>studium</strong></span> <span class='ocrx_word' id='word_1_79' title='bbox 1012 2068 1202 2161; x_wconf 89' lang='lat' dir='ltr'><strong>ipsiusque</strong></span> 
     </span>
     <span class='ocr_line' id='line_1_13' title="bbox 161 2191 1202 2287; baseline -0.008 -21"><span class='ocrx_word' id='word_1_80' title='bbox 161 2195 310 2266; x_wconf 82' lang='lat' dir='ltr'><strong>forsitan</strong></span> <span class='ocrx_word' id='word_1_81' title='bbox 328 2191 528 2261; x_wconf 84' lang='lat' dir='ltr'><strong>medicinae</strong></span> <span class='ocrx_word' id='word_1_82' title='bbox 545 2192 762 2285; x_wconf 83' lang='lat' dir='ltr'><strong>singularum</strong></span> <span class='ocrx_word' id='word_1_83' title='bbox 781 2193 936 2287; x_wconf 88' lang='lat' dir='ltr'><strong>corporis</strong></span> <span class='ocrx_word' id='word_1_84' title='bbox 951 2192 1107 2286; x_wconf 85' lang='lat' dir='ltr'><strong>partium</strong></span> <span class='ocrx_word' id='word_1_85' title='bbox 1126 2191 1202 2259; x_wconf 90' lang='lat' dir='ltr'><strong>ori·</strong></span> 
     </span>
     <span class='ocr_line' id='line_1_14' title="bbox 163 2316 1200 2437; baseline -0.008 -47"><span class='ocrx_word' id='word_1_86' title='bbox 163 2345 224 2415; x_wconf 84' lang='lat' dir='ltr'><strong>go,</strong></span> <span class='ocrx_word' id='word_1_87' title='bbox 250 2317 348 2413; x_wconf 93' lang='lat' dir='ltr'><strong>quod</strong></span> <span class='ocrx_word' id='word_1_88' title='bbox 366 2316 570 2385; x_wconf 90' lang='lat' dir='ltr'><strong>institutum</strong></span> <span class='ocrx_word' id='word_1_89' title='bbox 590 2317 721 2412; x_wconf 92' lang='lat' dir='ltr'><strong>scripto</strong></span> <span class='ocrx_word' id='word_1_90' title='bbox 740 2317 961 2437; x_wconf 82' lang='lat' dir='ltr'><strong>consignavit</strong></span> <span class='ocrx_word' id='word_1_91' title='bbox 978 2317 1200 2386; x_wconf 78' lang='lat' dir='ltr'><strong>llunonotus.</strong></span> 
     </span>
    </p>

    <p class='ocr_par' dir='ltr' id='par_1_6' title="bbox 163 2420 1203 2785">
     <span class='ocr_line' id='line_1_15' title="bbox 210 2420 1202 2535; baseline -0.011 -20"><span class='ocrx_word' id='word_1_92' title='bbox 210 2441 319 2535; x_wconf 82' lang='lat' dir='ltr'><strong>Apud</strong></span> <span class='ocrx_word' id='word_1_93' title='bbox 346 2420 865 2532; x_wconf 72' lang='lat' dir='ltr'><strong>AEgyptios,testell101iono</strong></span> <span class='ocrx_word' id='word_1_94' title='bbox 892 2443 1040 2522; x_wconf 71' lang='lat' dir='ltr'><strong>suno,</strong></span> <span class='ocrx_word' id='word_1_95' title='bbox 1066 2436 1202 2506; x_wconf 89' lang='lat' dir='ltr'><strong>medici</strong></span> 
     </span>
     <span class='ocr_line' id='line_1_16' title="bbox 163 2556 1203 2658; baseline -0.007 -20"><span class='ocrx_word' id='word_1_96' title='bbox 163 2562 313 2638; x_wconf 87' lang='lat' dir='ltr'><strong>anonam</strong></span> <span class='ocrx_word' id='word_1_97' title='bbox 333 2586 377 2634; x_wconf 84' lang='lat' dir='ltr'><strong>ex</strong></span> <span class='ocrx_word' id='word_1_98' title='bbox 397 2562 542 2657; x_wconf 91' lang='lat' dir='ltr'><strong>publico</strong></span> <span class='ocrx_word' id='word_1_99' title='bbox 562 2564 743 2658; x_wconf 90' lang='lat' dir='ltr'><strong>accipiunt</strong></span> <span class='ocrx_word' id='word_1_100' title='bbox 766 2575 803 2636; x_wconf 88' lang='lat' dir='ltr'><strong>et</strong></span> <span class='ocrx_word' id='word_1_101' title='bbox 820 2563 1033 2636; x_wconf 86' lang='lat' dir='ltr'><strong>medicinam</strong></span> <span class='ocrx_word' id='word_1_102' title='bbox 1055 2586 1098 2632; x_wconf 83' lang='lat' dir='ltr'><strong>ex</strong></span> <span class='ocrx_word' id='word_1_103' title='bbox 1120 2556 1203 2654; x_wconf 87' lang='lat' dir='ltr'><strong>lege</strong></span> 
     </span>
     <span class='ocr_line' id='line_1_17' title="bbox 164 2678 1202 2785; baseline -0.009 -23"><span class='ocrx_word' id='word_1_104' title='bbox 164 2692 296 2783; x_wconf 87' lang='lat' dir='ltr'><strong>scripta</strong></span> <span class='ocrx_word' id='word_1_105' title='bbox 331 2678 395 2782; x_wconf 84' lang='lat' dir='ltr'><strong>per</strong></span> <span class='ocrx_word' id='word_1_106' title='bbox 426 2689 557 2785; x_wconf 86' lang='lat' dir='ltr'><strong>multos</strong></span> <span class='ocrx_word' id='word_1_107' title='bbox 585 2687 630 2756; x_wconf 84' lang='lat' dir='ltr'><strong>ab</strong></span> <span class='ocrx_word' id='word_1_108' title='bbox 667 2689 815 2783; x_wconf 89' lang='lat' dir='ltr'><strong>antiquo</strong></span> <span class='ocrx_word' id='word_1_109' title='bbox 850 2688 1009 2759; x_wconf 86' lang='lat' dir='ltr'><strong>medicos</strong></span> <span class='ocrx_word' id='word_1_110' title='bbox 1042 2687 1202 2757; x_wconf 89' lang='lat' dir='ltr'><strong>illustres</strong></span> 
     </span>
    </p>
   </div>
   <div class='ocr_carea' id='block_1_6' title="bbox 56 2809 1204 2908">
    <p class='ocr_par' dir='ltr' id='par_1_7' title="bbox 56 2809 1204 2908">
     <span class='ocr_line' id='line_1_18' title="bbox 56 2809 1204 2908; baseline -0.008 -20"><span class='ocrx_word' id='word_1_111' title='bbox 56 2893 59 2896; x_wconf 56' lang='grc'><strong><em>,</em></strong></span> <span class='ocrx_word' id='word_1_112' title='bbox 164 2813 413 2894; x_wconf 84' lang='lat' dir='ltr'><strong>concinnatam</strong></span> <span class='ocrx_word' id='word_1_113' title='bbox 432 2813 624 2908; x_wconf 84' lang='lat' dir='ltr'><strong>adplicant.</strong></span> <span class='ocrx_word' id='word_1_114' title='bbox 662 2811 699 2882; x_wconf 91' lang='lat' dir='ltr'><strong>Si</strong></span> <span class='ocrx_word' id='word_1_115' title='bbox 713 2812 827 2905; x_wconf 84' lang='lat' dir='ltr'><strong>leges,</strong></span> <span class='ocrx_word' id='word_1_116' title='bbox 847 2837 936 2906; x_wconf 90' lang='lat' dir='ltr'><strong>quas</strong></span> <span class='ocrx_word' id='word_1_117' title='bbox 957 2813 1046 2883; x_wconf 87' lang='lat' dir='ltr'><strong>sacri</strong></span> <span class='ocrx_word' id='word_1_118' title='bbox 1066 2809 1204 2881; x_wconf 89' lang='lat' dir='ltr'><strong>codicis</strong></span> 
     </span>
    </p>
   </div>
   <div class='ocr_carea' id='block_1_7' title="bbox 97 2920 1211 4147">
    <p class='ocr_par' dir='ltr' id='par_1_8' title="bbox 97 2920 1211 4147">
     <span class='ocr_line' id='line_1_19' title="bbox 163 2920 1206 3032; baseline -0.001 -25"><span class='ocrx_word' id='word_1_119' title='bbox 163 2937 273 3008; x_wconf 78' lang='lat' dir='ltr'><strong>lectio</strong></span> <span class='ocrx_word' id='word_1_120' title='bbox 293 2935 424 3016; x_wconf 87' lang='lat' dir='ltr'><strong>tradit,</strong></span> <span class='ocrx_word' id='word_1_121' title='bbox 450 2938 565 3008; x_wconf 87' lang='lat' dir='ltr'><strong>secuti</strong></span> <span class='ocrx_word' id='word_1_122' title='bbox 590 2948 733 3032; x_wconf 85' lang='lat' dir='ltr'><strong>aegroto</strong></span> <span class='ocrx_word' id='word_1_123' title='bbox 758 2937 948 3006; x_wconf 86' lang='lat' dir='ltr'><strong>sanitatem</strong></span> <span class='ocrx_word' id='word_1_124' title='bbox 967 2936 1117 3007; x_wconf 88' lang='lat' dir='ltr'><strong>reddere</strong></span> <span class='ocrx_word' id='word_1_125' title='bbox 1140 2920 1206 3006; x_wconf 61' lang='lat' dir='ltr'><strong>ness</strong></span> 
     </span>
     <span class='ocr_line' id='line_1_20' title="bbox 167 3055 1207 3154; baseline -0.004 -23"><span class='ocrx_word' id='word_1_126' title='bbox 167 3070 320 3154; x_wconf 84' lang='lat' dir='ltr'><strong>queant,</strong></span> <span class='ocrx_word' id='word_1_127' title='bbox 335 3057 439 3150; x_wconf 87' lang='lat' dir='ltr'><strong>culpa</strong></span> <span class='ocrx_word' id='word_1_128' title='bbox 459 3073 588 3131; x_wconf 82' lang='lat' dir='ltr'><strong>vacant</strong></span> <span class='ocrx_word' id='word_1_129' title='bbox 609 3074 647 3132; x_wconf 91' lang='lat' dir='ltr'><strong>et</strong></span> <span class='ocrx_word' id='word_1_130' title='bbox 660 3059 844 3132; x_wconf 90' lang='lat' dir='ltr'><strong>indemnes</strong></span> <span class='ocrx_word' id='word_1_131' title='bbox 864 3059 999 3146; x_wconf 81' lang='lat' dir='ltr'><strong>abeunt</strong></span> <span class='ocrx_word' id='word_1_132' title='bbox 1010 3089 1019 3148; x_wconf 82' lang='lat'>3</span> <span class='ocrx_word' id='word_1_133' title='bbox 1036 3056 1100 3129; x_wconf 58' lang='lat' dir='ltr'><strong>’sin</strong></span> <span class='ocrx_word' id='word_1_134' title='bbox 1120 3055 1207 3128; x_wconf 65' lang='lat' dir='ltr'><strong>conss</strong></span> 
     </span>
     <span class='ocr_line' id='line_1_21' title="bbox 168 3181 1205 3279; baseline -0.001 -26"><span class='ocrx_word' id='word_1_135' title='bbox 168 3197 223 3254; x_wconf 87' lang='lat' dir='ltr'><strong>tra</strong></span> <span class='ocrx_word' id='word_1_136' title='bbox 246 3181 502 3274; x_wconf 87' lang='lat' dir='ltr'><strong>praescriptum</strong></span> <span class='ocrx_word' id='word_1_137' title='bbox 524 3196 654 3276; x_wconf 84' lang='lat' dir='ltr'><strong>agant,</strong></span> <span class='ocrx_word' id='word_1_138' title='bbox 677 3184 804 3279; x_wconf 87' lang='lat' dir='ltr'><strong>capitis</strong></span> <span class='ocrx_word' id='word_1_139' title='bbox 830 3184 1013 3278; x_wconf 86' lang='lat' dir='ltr'><strong>judicium</strong></span> <span class='ocrx_word' id='word_1_140' title='bbox 1035 3182 1205 3272; x_wconf 64' lang='lat' dir='ltr'><strong>subeuutss</strong></span> 
     </span>
     <span class='ocr_line' id='line_1_22' title="bbox 169 3303 1208 3402; baseline -0.002 -25"><span class='ocrx_word' id='word_1_141' title='bbox 169 3308 258 3378; x_wconf 85' lang='lat' dir='ltr'><strong>Nam</strong></span> <span class='ocrx_word' id='word_1_142' title='bbox 279 3303 447 3372; x_wconf 87' lang='lat' dir='ltr'><strong>medendi</strong></span> <span class='ocrx_word' id='word_1_143' title='bbox 475 3306 650 3376; x_wconf 89' lang='lat' dir='ltr'><strong>rationem</strong></span> <span class='ocrx_word' id='word_1_144' title='bbox 676 3309 779 3400; x_wconf 85' lang='lat' dir='ltr'><strong>longo</strong></span> <span class='ocrx_word' id='word_1_145' title='bbox 801 3311 970 3402; x_wconf 89' lang='lat' dir='ltr'><strong>temporis</strong></span> <span class='ocrx_word' id='word_1_146' title='bbox 993 3333 1062 3378; x_wconf 92' lang='lat' dir='ltr'><strong>usu</strong></span> <span class='ocrx_word' id='word_1_147' title='bbox 1085 3306 1208 3378; x_wconf 91' lang='lat' dir='ltr'><strong>obser·</strong></span> 
     </span>
     <span class='ocr_line' id='line_1_23' title="bbox 99 3409 1209 3524; baseline 0 -23"><span class='ocrx_word' id='word_1_148' title='bbox 99 3409 101 3412; x_wconf 15' lang='grc' dir='ltr'>Ι</span> <span class='ocrx_word' id='word_1_149' title='bbox 170 3441 288 3501; x_wconf 85' lang='lat' dir='ltr'><strong>vatam</strong></span> <span class='ocrx_word' id='word_1_150' title='bbox 316 3438 354 3496; x_wconf 90' lang='lat' dir='ltr'><strong>et</strong></span> <span class='ocrx_word' id='word_1_151' title='bbox 376 3424 422 3494; x_wconf 86' lang='lat' dir='ltr'><strong>ab</strong></span> <span class='ocrx_word' id='word_1_152' title='bbox 446 3428 589 3520; x_wconf 90' lang='lat' dir='ltr'><strong>optimis</strong></span> <span class='ocrx_word' id='word_1_153' title='bbox 619 3428 818 3500; x_wconf 85' lang='lat' dir='ltr'><strong>artificibus</strong></span> <span class='ocrx_word' id='word_1_154' title='bbox 845 3430 1045 3502; x_wconf 91' lang='lat' dir='ltr'><strong>ordinatam</strong></span> <span class='ocrx_word' id='word_1_155' title='bbox 1071 3454 1209 3524; x_wconf 86' lang='lat' dir='ltr'><strong>paucos</strong></span> 
     </span>
     <span class='ocr_line' id='line_1_24' title="bbox 97 3548 1174 3647; baseline 0 -23"><span class='ocrx_word' id='word_1_156' title='bbox 97 3581 99 3589; x_wconf 93' lang='lat'>·</span> <span class='ocrx_word' id='word_1_157' title='bbox 168 3552 311 3647; x_wconf 84' lang='lat' dir='ltr'><strong>ingenio</strong></span> <span class='ocrx_word' id='word_1_158' title='bbox 332 3560 370 3621; x_wconf 91' lang='lat' dir='ltr'><strong>et</strong></span> <span class='ocrx_word' id='word_1_159' title='bbox 394 3550 537 3620; x_wconf 87' lang='lat' dir='ltr'><strong>solertia</strong></span> <span class='ocrx_word' id='word_1_160' title='bbox 553 3559 780 3644; x_wconf 79' lang='lat' dir='ltr'><strong>superaturbs</strong></span> <span class='ocrx_word' id='word_1_161' title='bbox 802 3548 1174 3646; x_wconf 61' lang='lat' dir='ltr'><strong>legislator&#39;censuit,</strong></span> 
     </span>
     <span class='ocr_line' id='line_1_25' title="bbox 166 3674 1211 3772; baseline 0.001 -24"><span class='ocrx_word' id='word_1_162' title='bbox 166 3696 185 3769; x_wconf 59' lang='lat' dir='ltr'><em>j</em></span> <span class='ocrx_word' id='word_1_163' title='bbox 217 3674 391 3770; x_wconf 81' lang='lat' dir='ltr'><strong>AEgyptii,</strong></span> <span class='ocrx_word' id='word_1_164' title='bbox 417 3697 458 3744; x_wconf 83' lang='lat' dir='ltr'><strong>er</strong></span> <span class='ocrx_word' id='word_1_165' title='bbox 484 3676 670 3753; x_wconf 74' lang='lat' dir='ltr'><strong>Hunouotr</strong></span> <span class='ocrx_word' id='word_1_166' title='bbox 704 3677 901 3762; x_wconf 86' lang='lat' dir='ltr'><strong>relatione,</strong></span> <span class='ocrx_word' id='word_1_167' title='bbox 937 3679 1082 3772; x_wconf 80' lang='lat' dir='ltr'><strong>singulis</strong></span> <span class='ocrx_word' id='word_1_168' title='bbox 1107 3703 1211 3749; x_wconf 89' lang='lat' dir='ltr'><strong>men·</strong></span> 
     </span>
     <span class='ocr_line' id='line_1_26' title="bbox 171 3799 1208 3899; baseline -0.001 -25"><span class='ocrx_word' id='word_1_169' title='bbox 171 3801 270 3874; x_wconf 84' lang='lat' dir='ltr'><strong>sibus</strong></span> <span class='ocrx_word' id='word_1_170' title='bbox 289 3801 409 3870; x_wconf 88' lang='lat' dir='ltr'><strong>triduo</strong></span> <span class='ocrx_word' id='word_1_171' title='bbox 422 3799 627 3869; x_wconf 85' lang='lat' dir='ltr'><strong>continenti</strong></span> <span class='ocrx_word' id='word_1_172' title='bbox 644 3813 797 3893; x_wconf 84' lang='lat' dir='ltr'><strong>purgant</strong></span> <span class='ocrx_word' id='word_1_173' title='bbox 817 3828 854 3874; x_wconf 90' lang='lat' dir='ltr'><strong>se</strong></span> <span class='ocrx_word' id='word_1_174' title='bbox 885 3801 1078 3874; x_wconf 78' lang='lat' dir='ltr'><strong>vomitibus</strong></span> <span class='ocrx_word' id='word_1_175' title='bbox 1095 3814 1208 3899; x_wconf 87' lang='lat' dir='ltr'><strong>atque</strong></span> 
     </span>
     <span class='ocr_line' id='line_1_27' title="bbox 172 3923 1210 4023; baseline 0.002 -26"><span class='ocrx_word' id='word_1_176' title='bbox 172 3924 382 4023; x_wconf 83' lang='lat' dir='ltr'><strong>clysteribus</strong></span> <span class='ocrx_word' id='word_1_177' title='bbox 409 3935 578 3994; x_wconf 82' lang='lat' dir='ltr'><strong>venantes</strong></span> <span class='ocrx_word' id='word_1_178' title='bbox 606 3923 815 4013; x_wconf 82' lang='lat' dir='ltr'><strong>sanitatem3</strong></span> <span class='ocrx_word' id='word_1_179' title='bbox 849 3927 1110 4010; x_wconf 84' lang='lat' dir='ltr'><strong>existimantes,</strong></span> <span class='ocrx_word' id='word_1_180' title='bbox 1135 3952 1210 3999; x_wconf 90' lang='lat' dir='ltr'><strong>om-</strong></span> 
     </span>
     <span class='ocr_line' id='line_1_28' title="bbox 172 4047 1208 4147; baseline 0 -25"><span class='ocrx_word' id='word_1_181' title='bbox 172 4077 235 4123; x_wconf 87' lang='lat' dir='ltr'><strong>nes</strong></span> <span class='ocrx_word' id='word_1_182' title='bbox 247 4047 386 4120; x_wconf 85' lang='lat' dir='ltr'><strong>morbos</strong></span> <span class='ocrx_word' id='word_1_183' title='bbox 399 4047 603 4118; x_wconf 86' lang='lat' dir='ltr'><strong>homiuibus</strong></span> <span class='ocrx_word' id='word_1_184' title='bbox 618 4048 704 4118; x_wconf 85' lang='lat' dir='ltr'><strong>oriri</strong></span> <span class='ocrx_word' id='word_1_185' title='bbox 725 4074 767 4120; x_wconf 84' lang='lat' dir='ltr'><strong>ex</strong></span> <span class='ocrx_word' id='word_1_186' title='bbox 783 4051 887 4132; x_wconf 88' lang='lat' dir='ltr'><strong>cibis,</strong></span> <span class='ocrx_word' id='word_1_187' title='bbox 905 4051 1035 4147; x_wconf 89' lang='lat' dir='ltr'><strong>quibus</strong></span> <span class='ocrx_word' id='word_1_188' title='bbox 1050 4054 1208 4123; x_wconf 87' lang='lat' dir='ltr'><strong>aluntur.</strong></span> 
     </span>
    </p>
   </div>
   <div class='ocr_carea' id='block_1_8' title="bbox 0 0 1310 5040">
    <p class='ocr_par' dir='ltr' id='par_1_9' title="bbox 0 0 1310 5040">
     <span class='ocr_line' id='line_1_29' title="bbox 0 0 1310 5040; baseline 0 0"><span class='ocrx_word' id='word_1_189' title='bbox 0 0 1310 5040; x_wconf 95' lang='lat' dir='ltr'><strong> </strong></span> 
     </span>
    </p>
   </div>
  </div>
 </body>
</html>
