2566 5040
399 320 879 433 alsemannum.
1099 371 1257 445 231‚‚

112 558 175 619 aas
201 555 390 640 eapropter
415 569 489 616 non
515 545 678 617 sufficere
704 546 799 617 vidit
823 545 1028 628 armeus,
1051 549 1156 641 quia,

116 672 205 764 ipsis
222 670 365 750 ablatis,
384 669 421 738 in
440 669 547 739 eorde
563 679 681 739 motus
697 683 871 763 superest.
905 672 998 740 Hine
1014 684 1155 764 postea,

116 793 271 865 florente
296 793 559 866 Stahlianorum
587 792 723 874 schola,
751 794 796 864 ad
823 818 899 864 rem
921 817 1083 865 reversus
1110 795 1157 866 de

115 919 276 1014 partium
302 938 409 987 sensu
429 926 467 985 et
486 927 605 995 motu,
631 916 707 986 sive
729 916 955 1012 departibus
984 918 1159 989 sensibili-

118 1041 189 1112 bus
228 1050 265 1111 et
304 1036 539 1109 irritabilibus
558 1038 729 1111 instituit
761 1041 1023 1136 experimenta,
1063 1062 1157 1135 quae
1235 1129 1240 1140 ⁹

117 1164 256 1254 inserta
295 1175 379 1233 sunt
409 1161 502 1256 Opp.
534 1162 662 1235 Societ.
698 1162 789 1261 Bag.
824 1163 959 1238 Seiani.
994 1160 1158 1262 Gottiog.

118 1287 161 1359 Τ.
181 1287 235 1357 11.
254 1286 300 1356 ad
323 1310 403 1356 ann.
429 1275 542 1360 1552.Ι

171 1409 306 1502 Incipit
325 1434 346 1479 a
368 1400 579 1482 defiuitione
597 1411 714 1504 'partis
743 1411 929 1484 irritabilis
949 1423 988 1482 et
1011 1411 1160 1482 sensibi-

118 1535 176 1606 tis
224 1534 328 1603 Illam
351 1545 475 1615 vocat,
500 1560 593 1631 quae
612 1536 658 1605 ab
677 1547 823 1607 externo
845 1526 966 1639 aliquo
985 1548 1160 1608 contactu

120 1660 165 1731 fit
189 1659 352 1730 brevior:
384 1657 496 1739 hane,
527 1682 599 1754 qua
626 1659 784 1741 irritata,
817 1660 949 1730 animal
970 1659 1161 1732 manifesta
1212 1720 1216 1728 .

118 1782 257 1855 doloris
273 1793 319 1854 :et
339 1783 568 1853 incommodi⁸
585 1785 684 1876 sigua
710 1783 878 1854 ostendit.
928 1785 1071 1855 Idcirco
1098 1807 1163 1877 per

117 1909 198 1978 oola
245 1907 489 1999 experimenta
526 1907 666 1976 censuit
703 1903 820 2000 posse*
860 1907 1022 1989 definiri,
1066 1931 1161 2002 quae
1240 1916 1242 1923 '

117 2055 207 2126 pars
235 2028 391 2120 eorporis
426 2027 738 2125 sensibilis„quae
767 2029 951 2101 irritabilis
981 2032 1037 2104 sit.
1086 2030 1164 2099 Ita·

94 2154 196 2250 'que
224 2153 316 2223 vivis
340 2152 552 2223 animalibus
579 2153 671 2224 varii
699 2156 856 2246 generis,
880 2155 1003 2227 variae
1033 2156 1162 2227 aetatis

99 2300 201 2364 ,earn
223 2275 376 2347 nudavit
395 2288 552 2369 partem,
578 2276 624 2347 de
643 2301 716 2374 qua
730 2264 981 2373 quaerebatur.
1032 2281 1163 2374 Exspe-

117 2401 255 2480 etevit,
291 2400 407 2471 donee
438 2401 568 2471 animal
599 2404 802 2497 quiesceret
831 2413 872 2473 et
899 2426 922 2473 a
955 2406 1163 2500 quiritando

121 2524 337 2595 remitteret.
386 2523 516 2594 Silenti
541 2522 579 2595 et
600 2528 791 2620 tranquillo
815 2549 895 2598 eam
914 2509 1058 2621 *partem
1084 2531 1165 2600 irri-

119 2649 217 2720 tavit
248 2647 402 2717 stimuto
445 2648 555 2718 vario.
618 2647 789 2720 Animum
829 2651 1004 2733 advertit,
1040 2654 1163 2722 utruni

120 2783 235 2852 taeta,
265 2772 390 2853 scissa,
422 2771 578 2840 lacerata
600 2773 852 2864 parte‘animal
879 2797 924 2845 ex
943 2775 1067 2868 quiete
1097 2798 1162 2846 sua

117 2909 160 2968 et
188 2897 332 2966 silentio
363 2896 597 2976 excitaretur,
629 2919 676 2965 au
701 2919 738 2965 se
763 2897 948 2990 jactaret,
972 2921 1021 2968 an
1044 2912 1162 2971 artum

117 3020 339 3102 attraheret,
372 3021 558 3092 vulnerive
585 3021 798 3113 surriperet,
832 3045 879 3090 au
908 3023 1092 3094 convulsio
1122 3025 1161 3097 in

115 3170 166 3216 eo
184 3157 265 3216 artu
284 3145 481 3225 accideret,
507 3168 554 3214 an
569 3144 662 3214 nihil
678 3144 804 3215 horum
819 3146 1008 3216 eveniret..
1046 3149 1162 3241 Saepe

116 3268 471 3365 repetitos'erentus
495 3268 534 3340 in
556 3270 809 3340 commentaria
832 3271 977 3352 retulit,
1002 3293 1163 3365 quoeun-

113 3406 193 3490 que
215 3394 359 3464 demum
375 3394 480 3464 modo
499 3394 678 3464 oederent.
727 3393 791 3464 Est
810 3405 930 3463 auteur
948 3396 1161 3489 perquisitis

115 3520 272 3614 duplex:
297 3519 411 3612 prima
428 3518 473 3588 de
490 3520 644 3610 partium
663 3540 786 3598 sensu,
810 3516 985 3588 alterode
1003 3521 1159 3612 partium
1232 3606 1235 3612 .

121 3644 379 3716 irritabilitate.
430 3622 689 3713 Sensuoarere
721 3643 845 3725 doeetr
878 3643 1160 3736 epiderrnidem,

119 3781 202 3841 rete
234 3766 436 3862 Malpigh-ii,
462 3767 624 3860 adipem,
648 3767 874 3846 eellulosam,
909 3769 1095 3851 tendines‚
1121 3773 1163 3841 ti-

117 3905 307 3985 gamenta,
323 3904 326 3909 ’
342 3885 602 3984 perieraniurn,
640 3892 767 3962 duram
790 3903 828 3960 et
850 3890 952 3985 ‘piam
976 3905 1164 3980 mtrem,

119 4016 358 4112 periosteurn,
379 4039 457 4088 oasa
473 4039 671 4111 reorumque
687 4017 903 4090 medutlarn:
918 4017 1023 4092 brevi
1035 4042 1159 4093 omnes
