2566 5040
438 383 855 473 rsnscrnsns
1118 384 1171 447 ru

128 570 309 640 medicina
323 569 540 648 Panccnmr,
561 577 729 659 tauquam
747 561 911 645 inChao‚
937 552 1066 636 sensim
1087 587 1166 635 scn-

127 697 266 789 aimque
277 694 425 762 'demum
443 690 661 784 explicanda.

175 819 228 888 Ex
254 818 512 887 clementorum
540 828 577 885 ct
603 815 792 885 humorum
823 813 988 884 doctrina
1023 823 1164 885 vetares

127 964 271 1014 omnem
301 940 476 1011 duxerant
495 937 722 1008 ⁴medicinam
760 937 1005 1029 dogmaticam.
1063 937 1166 1007 Hanc

125 1065 263 1160 ingenii
287 1063 435 1133 hum'ani
468 1063 604 1155 prolem
631 1059 837 1154 repudiarit
869 1061 1096 1132 Psnscnnsrs
1127 1072 1167 1131 ot

126 1192 173 1263 ad
210 1201 360 1260 naturae
399 1185 588 1257 universae
630 1184 969 1279 contemplationem
1006 1184 1164 1255 medicos

121 1311 298 1386 evocarit

172 1435 277 1510 Vivit
297 1445 335 1506 ct
358 1433 456 1527 riget
474 1434 582 1505 homo
602 1434 640 1503 in
665 1456 921 1516 macrocosmo‚
946 1445 989 1503 ut
1008 1430 1101 1505 vivit
1124 1443 1163 1503 at

81 1619 85 1630 .
122 1561 224 1654 riget
244 1558 389 1653 cmbryo
411 1559 450 1627 in
469 1569 572 1629 utero
591 1561 726 1632 matris.
774 1561 909 1632 Aiirem
929 1557 1052 1630 haurit
1066 1557 1163 1628 ritae

120 1684 293 1785 pabulum
302 1711 315 1764 ,⁴
346 1692 462 1751 terrac
502 1679 679 1754 fructibus
716 1685 883 1757 vescitur.
948 1684 1008 1756 Ab
1039 1682 1097 1752 his
1127 1692 1166 1753 et

74 1867 77 1877 .
121 1811 235 1880 vitam·
268 1807 401 1899 accipit
430 1817 468 1876 et
493 1807 724 1899 sanguinem:
760 1808 816 1878 his
844 1819 984 1880 constat
1011 1807 1162 1889 sanitas,

122 1957 167 2007 ex
197 1933 256 2003 his
284 1932 469 2011 humores,
503 1954 550 2001 ox
575 1930 631 2000 his
664 1930 779 2002 morbi
813 1933 996 2002 oriuntur:
1033 1954 1077 2001 cx
1103 1930 1160 2000 his

120 2070 304 2153 tamquam
324 2080 367 2127 ex
383 2042 591 2149 parentibus
613 2056 686 2126 suis
701 2055 902 2127 noscendus
921 2068 986 2127 cst.
1035 2056 1099 2126 Est
1120 2055 1161 2124 in

122 2181 268 2253 homine
295 2166 446 2273 sphaera
470 2180 647 2273 superior,
672 2203 766 2274 quac
791 2181 907 2262 coelo,
933 2192 989 2251 est
1010 2180 1160 2273 sphaera
1192 2245 1199 2251 „

119 2305 288 2384 inferior,
313 2320 407 2399 quae
426 2315 541 2374 terrac
566 2304 769 2397 respondet.
819 2305 883 2375 Est
904 2329 946 2374 ex
974 2304 1074 2374 coelo
1099 2328 1162 2396 ge·

119 2431 237 2514 nitus,
275 2440 330 2498 cst
364 2429 506 2521 genitus
540 2451 583 2498 ex
616 2440 720 2497 terra.
780 2427 828 2498 Et
858 2427 1161 2524 quemadmodum

120 2557 261 2628 coelum
275 2553 439 2627 arborum
455 2552 592 2623 fructus
606 2563 777 2632 maturat,
804 2552 855 2622 sic
867 2562 985 2623 mutat
1002 2564 1040 2623 ot
1054 2564 1158 2645 parat

120 2678 337 2771 sanguinem.
386 2675 510 2767 Qualis
526 2675 639 2767 regio,
664 2675 770 2768 quale
791 2676 914 2757 clima,
940 2676 1020 2745 talis
1038 2675 1155 2746 homo.

119 2800 357 2895 Philosophus
385 2800 493 2879 coeli,
528 2807 750 2870 astronomus
771 2783 856 2881 cst,
887 2799 951 2896 qui
983 2798 1156 2892 sphaerae

120 2926 329 3020 superioris,
354 2921 587 3016 philosophus
599 2935 731 3005 torrae.
758 2925 822 3016 qui
837 2921 1016 2994 inferioris
1031 2923 1156 3017 sphae-

118 3072 176 3120 rae
199 3026 329 3142 gnarus
354 3056 427 3116 cst:
453 3045 544 3116 hacc
564 3071 636 3118 una
668 3049 837 3130 scicntia,
863 3071 956 3143 quae
988 3049 1156 3141 mysteria

116 3183 271 3268 quatuor
289 3171 545 3240 elomentorum
564 3173 823 3266 complectitur.

160 3296 243 3367 Non
262 3293 308 3363 ab
321 3292 485 3376 homino,
512 3292 613 3366 seda
633 3297 710 3368 Deo
732 3272 884 3370 scientia
907 3295 1064 3390 potanda
1089 3306 1154 3366 cst.

116 3418 180 3490 Est
209 3430 331 3490 autem
350 3430 425 3491 tota
450 3431 580 3490 natura
598 3419 691 3491 liber
708 3444 729 3491 a
749 3419 827 3491 Deo
853 3423 1026 3517 scriptus,
1051 3421 1155 3514 cujus

112 3541 191 3616 loca
210 3545 349 3637 singula
370 3568 413 3613 ex
433 3554 602 3632 contextu
627 3545 798 3616 universo
828 3543 1046 3638 explicanda.
1063 3559 1069 3568 ·
1095 3543 1169 3613 Ni·

114 3664 244 3739 mirum
280 3643 447 3739 univorsa
482 3680 612 3738 natura
646 3669 826 3762 conspirat
855 3691 1021 3768 quaeque
1058 3665 1153 3736 fiunt

114 3790 150 3861 in
165 3791 300 3862 mundo
318 3816 444 3885 parvo,
471 3815 593 3862 eorum
608 3793 654 3863 ad
668 3792 906 3864 imitationem
920 3791 1030 3871 fiunt,
1055 3813 1149 3885 quac

113 3911 149 3983 in
169 3916 303 3986 mundo
322 3939 449 4008 magno
470 3917 654 3990 eveniunt.

157 4039 252 4125 Sunt
288 4041 440 4112 mundus
470 4063 617 4134 maguus
649 4026 687 4114 ct
714 4039 868 4114 mundus
894 4062 1045 4136 parvus,
1078 4064 1152 4126 ma-⁴
