2566 5040
135 376 195 454 st
269 394 271 400 ’
367 386 967 453 ωτοιηιιιετοτηκει
1032 418 1036 425 -

148 564 402 639 tusscorum
441 565 743 660 metaphysicum‚
784 586 894 657 quam
936 562 1196 640 Amsromm

83 772 84 775 Ἴ
149 689 337 782 soologum
354 701 464 784 atque
482 713 529 759 ex
548 689 729 783 praeclaro
750 700 900 757 naturaa
927 699 1129 759 scrutatore
1153 699 1198 759 ct

24 903 28 912 .
148 814 348 910 interprete
374 813 502 885 iecisse
517 812 721 883 medicinae
741 811 975 882 scholasticae
990 823 1197 885 aucmrcm.

445 1054 914 1130 occasurouaa

151 1266 154 1273 ¹
214 1287 248 1358 Ι.
273 1286 375 1381 Quae
399 1288 544 1383 propria
565 1290 621 1360 ris
641 1287 714 1361 luit
732 1298 773 1359 et
792 1285 1000 1360 Platonicae
1023 1294 1062 1356 ct
1085 1283 1201 1360 Aris·

274 1412 442 1484 totelioac
457 1412 706 1506 philosophiae
723 1412 763 1482 in
785 1411 962 1483 theoriam
985 1408 1200 1483 medicam?

191 1531 245 1604 ΙΙ.
270 1533 459 1608 Undenam
474 1537 662 1632 utriusque
673 1536 870 1608 discrimen
886 1534 1156 1630 repetendum?

158 1657 253 1735 ,IIL
279 1659 405 1754 Qualis
424 1662 602 1758 cujusque
625 1660 698 1733 luit
719 1659 934 1780 methodus?

112 1964 132 2008 ,
387 2004 416 2019 ¹·
560 1952 789 1981 ...m-...-

133 2188 136 2199 .
248 2147 304 2208 oa
325 2145 535 2208 auasouas
549 2147 673 2208 unsa
694 2108 879 2213 rucanas
897 2145 1120 2213 cuasoass.

618 2297 742 2363 aaa

204 2547 259 2621 Ex
280 2547 339 2621 bis
368 2549 594 2646 potissimum
624 2551 827 2624 inclaruere
850 2551 1024 2653 limenas,
1048 2547 1207 2625 Pam-i

155 2696 287 2761 conss,
323 2677 551 2749 Hanoamocs
572 2688 610 2749 et
633 2677 915 2750 llasmsmsrcs.
963 2676 1018 2748 lla
1041 2674 1105 2746 illo
1126 2672 1204 2770 pri·

156 2825 255 2875 mum
279 2801 390 2873 luisse
420 2800 717 2898 Asclepiodorum
737 2804 920 2883 omnium,
950 2799 1016 2896 qui
1038 2797 1086 2869 dc
1114 2818 1202 2868 ana*

156 2928 291 2999 tomice
318 2926 627 3000 administratione
654 2928 792 3026 aliquid
820 2926 1013 3005 scriberet,
1045 2932 1202 2994 tasutur

159 3048 336 3126 (tumus
385 3050 492 3143 Quod
507 3053 554 3123 dc
567 3066 733 3126 anatome
752 3053 977 3134 animalium,
1001 3067 1112 3144 quam
1127 3066 1202 3118 ma·

153 3174 230 3270 jori
252 3174 374 3247 studio
403 3175 535 3258 coluit,
568 3178 841 3271 intelligendum
869 3199 945 3248 csse
975 3173 1101 3245 scribit
1127 3174 1200 3245 Hc-

161 3320 304 3373 cmtcs·
353 3301 442 3373 Eam
460 3312 582 3372 autem
600 3302 646 3372 ad
659 3301 864 3374 morborum
880 3297 1122 3394 cognitionem
1138 3296 1203 3369 arl⁴

158 3423 346 3509 hibuisse,
370 3426 483 3520 ipsius
511 3437 664 3497 testatur
692 3426 739 3499 de
765 3427 851 3498 sede
884 3423 1088 3520 pleuritidis
1117 3444 1201 3494 sen·

158 3550 298 3634 tentia,
329 3572 439 3648 quam
461 3550 500 3620 in
530 3550 657 3645 pleura
684 3576 780 3635 esse,
815 3562 859 3623 ut
881 3542 1202 3645 peripneumoniae

160 3671 200 3745 in
219 3676 448 3769 pulmonibus
462 3673 564 3747 dixit.
613 3677 697 3771 Ipse
714 3701 736 3748 a
752 3678 928 3772 majorum
946 3672 1087 3769 placitis
1101 3669 1202 3743 haud

162 3819 237 3869 uno
256 3800 336 3871 loco
363 3799 520 3876 deflexit.
572 3802 620 3874 Et
635 3802 750 3897 primo
766 3801 914 3897 quidem
939 3798 1068 3870 febrim
1083 3795 1203 3869 morbi

162 3917 315 4016 ἔπιγενημα
336 3929 579 4022 nuncupavit:
606 3928 692 4023 quia
718 3922 880 3997 succedit
907 3922 1048 3995 vulneri
1068 3932 1107 3992 ct
1135 3920 1205 3993 bn-

164 4046 269 4132 boni,
294 4053 392 4148 quod
412 4054 541 4149 quanti
569 4051 695 4133 luerit,
719 4061 763 4123 ut
788 4047 1050 4143 intelligamus,
1075 4044 1205 4118 Ascle·
