2566 5040
395 418 568 485 saroam
587 414 884 488 avouurrono‘u:
1093 414 1152 488 m
1266 434 1270 443 ⁴

114 599 407 698 decomponendo
452 601 585 692 pariter
621 602 823 688 morborum
856 592 1147 672 mechanismum.

114 732 217 802 llaee
244 724 395 817 aualysis
428 723 585 816 eorporis
617 724 774 818 organici
804 737 876 796 tam
907 725 1003 807 sani,
1038 749 1147 821 quam

114 851 234 945 aegri:
269 849 419 941 analysis
445 844 669 918 lunationum
694 858 732 918 et
757 871 986 942 processuum
1011 849 1150 921 marhot

113 996 246 1047 sorum.
354 986 465 998 “’
611 986 615 993 ’
796 988 798 993 ·
912 951 926 966 ”

166 1098 286 1189 Longe
312 1096 418 1167 aliam
444 1096 538 1168 riam
566 1096 726 1168 inierunt
763 1093 976 1169 Germaniae
998 1099 1154 1192 philoso⁴

114 1221 182 1318 phi
207 1220 348 1292 medici.
397 1220 444 1291 Hi
462 1223 611 1317 genesio
632 1221 732 1290 'otta
759 1219 1003 1313 contemplari
1016 1219 1154 1292 mallit&

116 1336 215 1418 runt.
229 1338 247 1396 -ἶ
264 1344 488 1438 Quapropter
517 1344 646 1414 avita
676 1343 839 1427 minima,
873 1344 989 1439 qualis
1012 1345 1050 1414 in
1075 1332 1153 1414 'ems-

117 1469 272 1562 bryoue,
298 1469 337 1536 in
356 1467 494 1561 planta,
519 1466 558 1535 in
575 1466 703 1560 polypo
724 1468 864 1549 existit,
887 1491 962 1538 rem
979 1466 1156 1561 auspicati

116 1604 225 1691 suut,
250 1616 294 1662 ex
312 1593 408 1663 vitae
439 1589 589 1659 historia
618 1601 656 1658 et
680 1591 887 1662 evolutione
915 1593 1012 1664 uitae
1039 1591 1157 1662 scien·

120 1719 210 1789 tiam
240 1727 421 1810 petentes:
456 1734 540 1782 nam
570 1702 775 1782 ttrrortao'·
793 1717 907 1794 sitae,
942 1714 1055 1810 ipsius
1079 1713 1155 1785 sore

117 1841 352 1933 interpretem
378 1835 681 1908 existimaverunt.
736 1836 788 1906 Eo
821 1837 967 1907 consilio
995 1837 1156 1931 embryo-

118 1964 254 2054 logiam
271 1952 394 2032 ¹colere
415 1955 675 2052 comparatam,
695 1952 1007 2053 asimplicissimis
1033 1952 1157 2033 viren-

118 2087 220 2157 tibus
243 2085 288 2154 ad
306 2074 501 2178 composita
520 2083 670 2154 maxime
689 2078 882 2176 progredi,
900 2084 1157 2179 physiologiam
1214 2101 1216 2104 ’
1278 2071 1279 2076 ¹

118 2236 143 2281 a
168 2208 325 2302 corporis
358 2205 515 2300 organici
537 2207 741 2300 primordiis
768 2221 952 2303 repetere,
976 2199 1158 2303 physiolo-

115 2336 214 2428 giam
233 2345 280 2412 et·
302 2331 552 2424 pathologr'am-
569 2343 729 2403 aetatum
748 2343 786 2403 ct
806 2356 953 2404 sexuum
979 2328 1157 2407 illustrare

122 2469 162 2528 et
191 2457 449 2550 cpidemiarum
479 2479 542 2548 per
575 2457 761 2527 hominum
789 2458 987 2552 mundique
1020 2472 1157 2532 aetates

122 2603 266 2652 cursum
283 2578 460 2673 persequi.
616 2570 623 2581 ¹
1102 2575 1129 2585 ”

72 2747 77 2757 ·
180 2707 245 2775 Est
272 2714 393 2773 autem
424 2701 486 2771 illa
513 2701 703 2795 peculiaris
732 2700 842 2794 hujus
874 2700 1035 2772 theoriae
1072 2705 1158 2785 dos,

122 2831 214 2903 hacc
257 2829 388 2899 eximia
423 2827 556 2905 virtus,
593 2836 637 2896 ut
675 2848 816 2895 omnem
854 2826 1160 2917 comprehendens

121 2968 289 3026 naturam
317 2950 518 3044 organicam
536 2960 573 3020 et
597 2950 674 3044 ipsa
692 2959 889 3047 perpetuae
910 2929 961 3019 'sit
986 2951 1161 3022 evolutio·

122 3079 180 3151 nis
211 3100 331 3172 capax.
378 3074 468 3146 Nam
491 3071 578 3144 dum
608 3074 749 3145 veteres
774 3095 894 3143 rerum
922 3075 1099 3170 principia
1125 3089 1163 3146 et

122 3203 214 3274 fines
252 3210 472 3295 spectantes,
498 3208 648 3267 naturae
671 3196 864 3268 scientiam
888 3210 1057 3271 crearunt
1084 3224 1162 3294 par·

123 3329 190 3400 tim
213 3324 413 3420 physicam,
446 3311 575 3414 partim
600 3321 842 3413 teleologiam,
875 3321 989 3392 instar
1016 3323 1162 3416 pulcrae

126 3463 285 3527 statuae,
311 3445 459 3516 humani
482 3444 624 3538 ingenii
641 3467 761 3537 opus:
787 3445 875 3516 dum
892 3446 1004 3516 aliae·
1021 3456 1163 3539 gentes,

124 3571 338 3669 praesertim
350 3569 490 3648 Franci,
507 3566 697 3660 organismi
712 3569 865 3641 cadaver
872 3569 1061 3641 lustrando
1073 3602 1091 3652 ,ι
1101 3595 1164 3664 per
1203 3564 1206 3570 ⁴

126 3697 286 3792 aualysiu
316 3694 627 3789 progressitsuut,
650 3691 888 3766 Germaniae:
897 3691 1067 3787 madici,3
1082 3700 1165 3768 coii-

117 3823 381 3898 osroenorum,
405 3841 512 3912 quam
533 3817 819 3889 destructionum
835 3812 1166 3898 amantiorestrme‘-

125 3941 281 4016 thodum
304 3941 548 4019 adhibuerunt
566 3943 764 4036 geneticam
784 3943 890 4015 simul
909 3953 949 4025 et
970 3945 1167 4037 generatri-
1250 4018 1252 4023 ,

128 4092 226 4151 eam,
250 4068 302 4139 ita
315 4079 357 4139 ut
371 4071 447 4164 ips'a
460 4079 644 4154 anatome,
660 4069 907 4164 investigando
918 4078 1054 4139 atomos
1066 4090 1166 4162 orga—⁴
1248 4058 1250 4062 ὗ

174 4181 180 4193 “
900 4185 963 4249 18*.
