2550 5040
143 104 207 176 rot‘
235 104 288 169 n'a
306 106 495 168 nanterus
515 103 768 168 rnaonnrrcs
786 108 884 167 rosr
904 96 1114 170 crunnus..

140 287 249 359 rebus
271 282 401 356 creatis
419 268 591 365 mandat,
611 306 710 377 quae
730 285 829 354 vult:
847 282 1091 357 'daemonibus
1117 287 1242 358 im—

141 421 263 508 perat,
287 431 407 496 rerum
436 416 599 476 naturam
617 386 781 500 indagat,
805 407 873 477 Dei
891 411 1083 479 essentiam
1108 421 1222 482 stu—

145 536 246 607 diose
262 518 469 620 inrestigat:
497 528 622 599 domus
640 541 678 599 et
695 531 867 625 templum
888 532 955 601 Dei
972 533 1017 602 fit
1033 545 1073 604 et
1092 533 1236 606 haam

146 659 265 730 omnia
287 677 351 749 per
376 653 546 723 virtutem
571 665 608 722 et
625 655 798 747 pietatem
824 655 1073 748 adipiscitur.’'

163 836 166 841 .
192 780 320 875 Quoad
347 776 545 847 animarum
563 775 602 846 in
619 778 766 871 singuiis
783 780 995 851 animalibus
1012 783 1162 854 differo
1221 823 1256 854 ι

142 907 231 976 tiam
269 903 409 996 corpori
439 923 630 992 congruam
670 913 708 971 at
742 905 898 996 corporis
937 905 1120 975 elementa
1148 930 1168 987 e
1197 946 1275 977 ς,

145 1001 366 1108 functiones,
405 1024 546 1098 Gaiam
578 1024 712 1118 placita
740 1026 886 1120 proiert.
929 1027 1078 1098 >Boium
1107 1052 1163 1099 se·
1269 1075 1274 1104 ,

145 1154 313 1230 tentiam,
340 1149 404 1246 qui
432 1147 612 1229 credunt„
630 1172 771 1219 sonsum
797 1150 1010 1221 intermedio
1036 1153 1275 1233 cerebrwv,

142 1277 240 1357 fieri,
277 1274 347 1342 hoc
373 1281 479 1365 pacto
507 1284 711 1364 oppugnat,
736 1285 779 1344 ut
809 1275 838 1343 si
864 1272 955 1343 haec
978 1298 1070 1344 vera¹
1092 1274 1266 1356 iore-9

140 1401 250 1480 ratio,
275 1421 349 1468 non
382 1395 505 1491 dolore
532 1392 751 1467 afficeretur*
766 1402 872 1490 pars,
903 1420 998 1491 quae
1021 1412 1267 1492 secatur-21,

141 1523 205 1595 sed
232 1521 439 1593 cerebrum:
465 1543 577 1614 quare
609 1524 751 1592 rectius¹
773 1533 827 1592 est
857 1521 999 1604 dicere,
1033 1545 1259 1601 nervum

78 1703 80 1707 -
142 1649 244 1719 illum
264 1669 344 1717 asse
359 1643 557 1717 cerebrum.
608 1645 780 1715 Admittit
808 1657 928 1716 tamen
944 1647 1253 1740 perception·*ir

144 1773 353 1844 societatem
378 1780 416 1839 et
436 1770 569 1839 doloris
590 1768 907 1844 denunciationem
930 1770 977 1840 ad
998 1769 1244 1842 cerebrum

143 1895 248 1965 fieri·
293 1894 339 1962 In
366 1891 609 1962 circulationis
639 1893 803 1986 dogmate
830 1916 956 1987 parum
987 1917 1008 1964 a
1040 1894 1238 1968 Greisa

132 2021 336 2112 discrepat.
373 2015 488 2086 Docet
505 2018 689 2099 nimirum,
706 2017 871 2111 spiritum
884 2018 1030 2088 vitalem
1045 2041 1067 2110 a
1080 2018 1237 2089 conia

146 2167 212 2237 per
231 2141 378 2211 arterias
398 2141 436 2211 in
457 2152 573 2214 totum
593 2166 721 2236 corpus
746 2142 930 2236 dispergi,
947 2141 1118 2235 congredi
1136 2141 1237 2209 in·

22 2334 27 2341 .
148 2279 205 2338 tor
227 2291 264 2336 se
289 2265 458 2347 arterias,
483 2287 591 2336 venas
615 2275 652 2333 et
672 2288 818 2349 nervos,
843 2289 972 2338 ranam
990 2265 1241 2335 nutrimen-

148 2403 226 2479 tum
247 2391 477 2486 suppeditare
501 2411 612 2458 nervo
634 2400 672 2458 et
692 2393 866 2472 arteriae,
887 2389 1053 2460 arteriam
1071 2405 1243 2460 5senene

148 2515 303 2586 calorem
331 2507 532 2586 naturalem
554 2523 592 2582 et
612 2513 777 2606 spiritum
804 2515 950 2586 vitalem
982 2513 1207 2606 impertire
1225 2554 1245 2590 ‚

148 2639 235 2709 hino
255 2663 375 2735 neque
401 2638 567 2709 arteriam
593 2636 749 2708 inveniri
771 2640 847 2708 sine
869 2639 971 2709 tenui
996 2638 1212 2727 sanguine
1228 2668 1248 2707 a

111 2784 114 2790 ·
148 2787 267 2856 nequa
300 2787 429 2832 venam
459 2764 535 2832 sine
560 2761 706 2855 spiritu;
737 2761 862 2832 diduci
890 2762 1011 2832 antem
1037 2771 1077 2830 et
1105 2777 1250 2832 con-

150 2888 245 2956 trahi
261 2887 445 2967 arteriam,
471 2886 575 2954 initio
589 2897 707 2955 motus
721 2888 859 2957 acorde
873 2897 1014 2980 sumpto
1029 2884 1249 2978 dumque

149 2996 350 3091 diducitur,
386 3035 407 3079 a
431 3012 598 3103 proximis
628 3012 729 3080 renis
754 3010 791 3079 vi
816 3009 912 3080 trahi
941 3021 1088 3078 tenuem
1113 3021 1249 3077 san·-

151 3136 317 3228 guincm,
352 3135 471 3227 cujus·
498 3135 687 3227 respiratio
720 3134 764 3203 fit
792 3135 1012 3206 'alimentum
1046 3111 1247 3224 spiritui

149 3260 261 3330 vitali.
310 3260 366 3330 En
385 3260 504 3328 locum
522 3257 623 3328 illurn
643 3259 929 3339 celeberrimum,
953 3281 1026 3351 quo
1041 3256 1088 3326 de
1108 3267 1248 3327 con*

125 3370 320 3476 ¹tignitate
353 3406 525 3454 venarum
558 3385 770 3453 arteriarum
800 3395 837 3453 et
872 3406 1082 3464 nervorum,
1118 3384 1251 3450 nol¹

152 3532 237 3580 raro
259 3509 304 3578 de
328 3508 554 3580 circulatorio
575 3519 675 3577 motu
695 3507 737 3576 fit
748 3506 891 3578 sermo!
919 3549 921 3553 >
1059 3586 1063 3590 q

96 3732 99 3736 Ι
199 3633 424 3704 Tarornrcns
452 3637 528 3727 ipso
558 3633 675 3726 operis
703 3632 854 3702 introitu
882 3654 1007 3701 manus
1036 3633 1260 3723 panegy‘

150 3757 246 3837 rico,
272 3755 461 3847 Gatrnorr,
481 3769 523 3829 ut
549 3758 586 3826 in
605 3756 760 3837 cunctis,
784 3755 954 3833 imitatur.
1005 3743 1093 3829 Trea
1117 3754 1265 3823 ου’
