2566 5040
451 388 526 449 JO.
572 384 800 449 aaowtt.
1093 374 1152 446 251

115 543 256 638 vastum
278 553 417 660 aperuit
439 565 583 658 ingenio
602 565 759 636 humano
784 583 959 657 eampum.

162 693 414 763 >Hona0naa1ns
435 688 632 760 Baowanna
653 690 819 769 laudans,
842 687 940 783 quod
961 685 1008 756 ad
1030 706 1152 757 rerum

115 804 192 887 iim
231 815 471 885 stimulantem
507 813 716 906 praesertim
744 798 902 882 animum
933 809 1153 892 adverterit,

99 914 300 1029 'redarguit
320 939 454 1030 ipsum,
479 936 578 1032 quod
595 935 819 1007 damnaverit
838 934 1046 1006 ulteriorem
1065 914 1156 1004 inei·

115 1061 319 1142 tabilitatia.
366 1077 484 1155 qnam
507 1083 683 1130 summum
722 1059 852 1130 habuit
891 1055 1174 1150 interpretandi*
1248 1043 1255 1087 3

113 1183 351 1278 principium,
374 1184 669 1278 perquisitionem
688 1183 810 1278 sieque
835 1171 968 1252 limites
992 1181 1155 1274 posuerit

116 1308 312 1398 cognitioni
333 1309 520 1378 humanae.
569 1307 633 1378 Est
656 1310 751 1379 enim
773 1304 1006 1379 incitabilitas
1024 1302 1155 1398 prinia-

116 1409 172 1501 ria
191 1431 336 1526 quidem
361 1431 426 1515 dos¹
455 1432 648 1514 materiae,
673 1443 886 1502 nontamen
909 1429 1019 1500 unica
1043 1449 1154 1521 qnae·

116 1578 188 1650 que
212 1556 286 1625 sola
309 1554 459 1648 definiat
478 1557 636 1650 eorporis
665 1555 826 1628 animalis
847 1554 1034 1625 rationem.
1074 1551 1158 1622 Pla·'

117 1680 191 1749 oito
218 1679 265 1748 de
299 1689 398 1748 certa
429 1680 533 1771 eopia
572 1679 834 1750 incitabilitatis
869 1679 984 1751 ouivis
1014 1675 1154 1749 viventi

116 1803 252 1873 tributa
283 1802 402 1872 obstat
435 1804 573 1873 alterna
603 1802 867 1892 inoitabilitatis
901 1811 1154 1896 permutatos

117 1927 279 1996 stimulos
301 1926 439 1996 additio
465 1938 574 2020 atque
597 1926 786 1997 detractio.
820 1925 1157 2021 Perperam'Baow·
1237 1911 1263 1994 ¹,

116 2070 195 2122 mos
214 2072 340 2141 eorpus
360 2049 511 2119 animale
532 2051 767 2143 compositum
782 2048 944 2121 monadis
961 2049 1073 2118 instar
1090 2045 1158 2114 ha:
1248 2054 1250 2057 ’

116 2155 280 2255 buin'id
299 2173 396 2266 quod
413 2184 588 2266 repugnat
607 2174 838 2268 quotidianae
858 2171 1100 2264 observationi
1118 2180 1166 2247 et.

108 2297 384 2391 experientiae,
421 2296 553 2393 quibus
587 2299 779 2381 doeemur,
812 2297 852 2371 in
880 2297 959 2370 aliis
992 2294 1160 2392 partibus

119 2431 278 2505 anetam,
304 2419 344 2489 in
370 2420 449 2490 aliia
477 2420 711 2493 imminutam.
725 2446 801 2493 esse
820 2445 923 2517 posse
955 2419 1161 2513 energeiam

118 2542 287 2615 vitalema
322 2543 420 2613 unde
452 2541 630 2623 abductus
663 2555 740 2625 est,
774 2557 817 2616 ut
846 2547 1009 2641 quamvis
1035 2545 1161 2617 stimu-

100 2667 193 2737 ‘lum
212 2665 279 2737 sub
303 2689 374 2739 uno
398 2676 539 2736 tantum
556 2677 704 2761 aspectu
723 2680 891 2762 poneret:
915 2668 1028 2762 frigus
1053 2667 1159 2740 vorbi

118 2813 245 2862 caussa
272 2789 492 2861 asthenieam
523 2789 723 2882 potentiam
751 2815 900 2877 vocans,
933 2791 1049 2887 qualia
1076 2813 1161 2864 ner·
1206 2767 1208 2772 ⁵

117 2936 245 2988 vorum
271 2927 438 3008 respectu
463 2924 518 2984 est
526 2924 536 2997 3
561 2898 647 2986 dnm
676 2916 1022 3008 musculosinoitat.
1070 2917 1161 3004 Per-g
1245 3006 1248 3014 ι

116 3060 240 3132 peram
262 3036 349 3106 dum
370 3037 417 3108 ad
440 3039 548 3128 solam
576 3041 816 3135 quantitatem
837 3042 1062 3113 stimulorum
1083 3040 1160 3114 ani·

118 3161 334 3242 madvertit,
369 3162 526 3256 neglexit
552 3164 731 3258 chymieas
759 3189 880 3237 earum
915 3167 1042 3250 dotes,
1067 3188 1157 3260 qua·

116 3309 199 3356 rum
220 3296 339 3354 tamen
360 3285 552 3357 efficacitas
570 3312 704 3357 summa
724 3312 838 3384 eaque
858 3291 999 3363 diversa
1017 3301 1072 3360 est
1088 3312 1154 3384 pro

115 3409 248 3503 partis,
275 3409 335 3477 oui
359 3390 591 3493 admovetur,
617 3411 833 3485 conditione.
875 3416 1067 3508 Perporam
1088 3389 1169 3484 ne·-

116 3532 217 3625 gavit
242 3555 319 3601 esse
351 3533 512 3603 sedantia
533 3535 701 3608 remedia.
748 3537 916 3608 Proleoto
944 3561 1050 3608 nemo
1080 3550 1155 3621 me&

115 3656 187 3726 lius
207 3667 244 3725 et
265 3654 309 3724 ad
323 3655 570 3751 philosophiae
591 3683 749 3731 normani
766 3662 1067 3732 accommodatius
1089 3661 1154 3732 dea

117 3779 270 3850 bilitatia
301 3779 462 3849 directae
483 3791 521 3851 et
545 3782 742 3855 indirectae
773 3786 976 3879 explanavit
1005 3785 1156 3858 diversi·
1278 3829 1280 3833 >

115 3914 242 3974 tatem.
288 3902 380 3974 Inde
396 3914 524 3975 'tamen
551 3907 650 3978 nullo
668 3909 752 4002 jure
783 3893 956 3992 efficitur}
982 3935 1055 3982 non
1075 3931 1154 3983 esse

116 4025 282 4100 sedentia
304 4027 473 4100 remedia.
508 4027 646 4126 ligata
668 4033 799 4154 arteria
817 4034 988 4110 mutonlia
1005 4018 1156 4112 inducta
