2566 5040
107 372 109 377 ’
148 395 208 462 aar
408 391 411 396 ’
453 399 891 491 suranoronoem.

146 575 297 647 ditionis
340 575 514 674 reliquiae
558 577 763 672 veterisque
808 575 933 670 templi
975 574 1102 648 ruinae
1150 601 1199 649 ac

145 700 391 771 renovationis
418 702 606 796 principia.
655 703 726 773 Per
747 701 1055 795 anthropologiam
1083 703 1200 795 igitur

37 841 40 846 ·
146 821 319 895 historiae
358 838 529 910 naturae,
563 825 736 925 historiae
774 823 929 895 hominis
954 835 993 894 et
1019 823 1198 897 historiae

30 974 32 978 ·
144 948 329 1042 religionis
346 950 512 1043 cognatio
523 962 598 1040 est3
624 951 752 1030 itaut,
772 971 868 1044 quae
887 946 992 1018 initio
1006 949 1198 1021 exstiterat

143 1070 325 1141 medicina
345 1075 471 1157 sacra,
504 1073 671 1145 videatur
703 1074 861 1144 renasci:
893 1071 1100 1166 pariterque
1138 1074 1196 1144 in·

35 1288 37 1294 ,
145 1195 299 1266 staurari
318 1209 467 1269 naturae
481 1199 670 1280 studium,
696 1219 770 1267 non
786 1195 936 1290 quidem
964 1193 1198 1289 Hippocrati·

69 1368 71 1373 <
116 1412 118 1416 Α
145 1332 228 1390 cum
259 1319 367 1403 illud,
393 1322 457 1393 sed
480 1323 586 1418 quale
614 1319 802 1391 adultioris
829 1330 886 1389 est
909 1319 1040 1422 aetatis
1064 1320 1196 1392 cultio·

65 1537 68 1541 ι
143 1443 266 1538 risque
286 1446 439 1539 ingenii:
465 1436 574 1541 qoam
596 1445 797 1517 medicinae
817 1466 882 1537 per
902 1443 1114 1537 religionem
1131 1469 1195 1515 na-

104 1555 106 1558 *
144 1579 321 1664 turacque
360 1569 519 1641 studium
557 1570 828 1642 renovationem
860 1591 935 1638 non
967 1568 1118 1663 quidem
1146 1571 1195 1638 ab

30 1741 33 1744 -
144 1715 219 1763 uno
257 1692 422 1777 homine,
461 1694 525 1766 sed
556 1718 578 1765 a
607 1680 739 1767 suturis
783 1693 987 1764 hominum<
1010 1693 1194 1766 aetatibus

42 1882 51 1898 ,
143 1815 250 1889 aride
268 1829 539 1913 exspectamua
690 1816 694 1821 ’
796 1788 802 1803 “
1174 1824 1176 1827 ’

576 2040 749 2060 -sflhssss’-

500 2209 833 2271 EPILOGUS.

191 2429 323 2502 Cursus
333 2430 445 2502 studii
461 2432 595 2506 medici
606 2432 783 2528 generalis
800 2431 1008 2502 inhistoria
1026 2432 1189 2505 animad-

142 2554 339 2628 vertendus
361 2568 433 2629 tres
449 2581 593 2650 magnas
611 2556 772 2629 indicare
787 2552 955 2651 periodos
972 2553 1139 2626 videtur:

189 2662 347 2758 Primam
377 2682 577 2755 medicinae
608 2680 853 2762 elementaris,
877 2679 1068 2774 physicae,
1105 2682 1189 2778 chy·

141 2811 275 2890 micae,
300 2807 550 2893 mechanicae3
870 2782 875 2792 ’
1227 2807 1230 2814 ’

81 2981 85 2990 -
187 2933 352 3006 Alteram
368 2931 540 3002 scientiae
560 2930 674 3002 vitae:
701 2931 963 3027 physiologiae,
987 2927 1188 3023 'biologiae3

154 3038 347 3132 ‘Tertiam
386 3055 558 3126 scientiae
596 3054 776 3126 hominist
812 3040 1088 3150 psychologiae,
1128 3079 1189 3124 an-

137 3184 396 3278 thropologiae.
981 3275 984 3280 .

186 3309 233 3379 In
256 3307 389 3403 quibus
414 3302 572 3400 periodis
599 3303 767 3376 notandis
796 3302 994 3375 tenendum
1015 3314 1086 3385 est,
1113 3327 1189 3374 non

75 3471 77 3475 ·
135 3456 246 3528 unam
283 3429 432 3501 alteram
474 3429 681 3512 sustulisse,
715 3427 780 3500 sed
818 3427 974 3522 singulas
1005 3430 1113 3523 juxta
1147 3455 1189 3501 se

127 3540 294 3631 invicem
317 3568 420 3626 natas
443 3554 555 3647 magis
574 3555 757 3649 magisque
788 3553 1004 3650 increvisse,
1040 3566 1082 3624 ut
1105 3579 1191 3625 coa·

135 3682 270 3753 lescere
303 3678 506 3751 videantur.
538 3678 653 3752 ¹Nihil
683 3678 780 3749 enim
808 3679 906 3774 quod
934 3689 1049 3750 exstat
1073 3680 1191 3773 perit,

84 3815 86 3818 ⁴
134 3804 199 3875 sed
235 3814 411 3898 perpetua
446 3805 667 3875 instauratur
702 3797 994 3898 metamorphosi.
1052 3802 1190 3898 Itaque

134 3927 300 3998 doctrina
332 3929 559 4000 elementaris
587 3951 653 4022 per
681 3928 957 4025 microscopium
980 3927 1057 4021 jam
1089 3926 1191 3999 lacta

135 4063 190 4124 est
215 4056 399 4146 organica,
424 4052 688 4149 physiologica,
714 4052 892 4147 biologica
921 4063 959 4124 et
980 4052 1189 4148 generalem
