2566 5040
138 374 185 436 u·-
228 441 236 460 ,
365 366 526 438 curro
547 332 959 433 nrarsrorrrrs.

137 549 321 628 nenlibus'.
380 532 504 637 Unum
532 575 610 623 esse
634 551 825 644 utriusque
855 561 933 619 tum
960 549 1069 619 animi
1104 561 1197 621 tum·

138 678 295 768 corporis
321 676 474 747 salutem
496 677 534 746 in
554 681 603 769 ‚eo‘
622 675 791 767 positam,
825 685 870 743 ut
892 695 1013 766 neque
1037 669 1191 745 animus

137 801 214 869 sine
253 825 420 894 corpore,
453 823 528 870 nec¹
555 821 682 891 corpus
722 807 909 890 moveatur
948 797 1025 866 sine
1062 799 1188 893 animo

139 947 255 1017 eaque
288 936 434 1018 propter
469 923 631 993 musicen
667 944 749 991 cum
781 919 997 1014 gymnastico
1025 912 1189 1014 jungen-
1225 966 1228 973 ·

28 1036 31 1041 ’
136 1023 231 1117 dam.
277 1047 327 1130 ,ln
346 1047 477 1118 morbis
496 1072 582 1118 vero
602 1045 823 1116 diaeteticeu
843 1041 1053 1137 praesertim
1079 1041 1191 1113 adhi-

129 1143 290 1267 bendam
318 1195 413 1251 esse,
446 1194 515 1240 nec
549 1170 619 1239 nisi
651 1191 781 1266 magna
814 1167 973 1247 habeant
1000 1166 1189 1261 pericula,

113 1355 115 1359 ,
136 1283 337 1385 pharmacis
360 1272 669 1379 irritandos-esse:
696 1288 830 1361 etenim
852 1290 1056 1362 morborum
1073 1304 1190 1361 netu-

138 1439 213 1484 ram
243 1417 478 1486 animantium
506 1426 657 1486 naturae
677 1405 884 1508 'supparem
916 1438 1010 1493 esse,
1044 1414 1188 1484 habere

137 1564 203 1610 sna
228 1542 325 1611 vitae
356 1539 472 1611 stadia
491 1539 645 1623 -latalia,
670 1545 749 1608 nec
779 1538 979 1632 pharmacis
1008 1551 1106 1609 tuto·
1122 1539 1191 1608 ab·

136 1663 345 1756 rumpenda.
952 1739 953 1742 Ἴ

149 1787 259 1878 ‘'Sed
284 1787 383 1880 q'nod
407 1787 570 1882 inprimis
597 1789 815 1870 notandum,
841 1771 1041 1858 introduxit
1053 1786 1189 1858 Puero

37 1891 41 1900 ⁸
116 1910 362 2011 'telcologiam
389 1915 569 2006 quandam
596 1915 811 2006 organicam:
838 1912 934 1981 unde
964 1922 1043 1981 orta
1074 1909 1192 1980 theo«

137 2033 192 2105 iia
222 2032 268 2104 de
289 2037 444 2128 corporis
472 2039 611 2129 genesi,
648 2038 694 2108 de
719 2035 845 2128 cepitis
875 2037 915 2105 in
941 2055 1088 2127 corpore
1113 2033 1186 2103 do·

94 2185 96 2190 ·
137 2157 269 2237 minio,
294 2157 341 2228 de
371 2181 440 2228 usu
463 2160 638 2251 partium.
672 2161 718 2230 de
745 2135 901 2252 corporis
931 2159 1044 2228 lorma
1069 2133 1217 2226 [aeut-'

138 2291 256 2358 tetum
285 2281 583 2353 intellectualium
607 2284 745 2366 indice,
780 2285 826 2354 de
856 2306 976 2367 rerum
1005 2281 1189 2372 exempla·

138 2405 241 2502 ribus
260 2403 437 2498 denique.
468 2406 576 2501 typis,
602 2408 710 2488 ideis,
746 2408 790 2477 ad
821 2383 913 2502 quas
941 2417 1072 2475 cuncta
1101 2403 1188 2475 fieri

139 2525 356 2620 formarique
389 2529 583 2602 arbitratus
612 2533 677 2602 est.
727 2531 834 2624 Quod
863 2531 916 2600 de.
930 2528 1022 2622 typis
1043 2524 1185 2595 enima-

139 2649 229 2725 lium
247 2649 380 2744 dogma-
400 2665 558 2747 quantae
578 2656 625 2726 sit
645 2655 684 2724 in
711 2627 807 2723 omni
826 2651 980 2743 biologia
999 2661 1187 2741 praestan-

139 2773 246 2854 tiae‚·
260 2771 472 2848 Germaniae
503 2779 563 2850 ille
591 2780 712 2850 Pmro
744 2779 934 2848 Humerus
965 2784 1003 2845 et
1031 2772 1186 2845 illustris

50 2908 54 2918 '
91 2948 94 2952 -
138 2897 306 2975 itt-Italia
333 2913 516 2974 anatomes
546 2903 663 2974 cultor
691 2903 780 2974 Aur.
811 2903 954 2972 Sestum
983 2907 1181 2992 nosterque.

139 3020 621 3098 Bnncusnsmsdocnerunt.
959 3012 962 3018 ’
1007 3107 1011 3111 ,

96 3240 98 3244 μ
143 3203 150 3216 .
185 3146 431 3220 Atusrorutes
461 3151 500 3221 in
529 3150 752 3244 generalibus
789 3173 863 3219 non
902 3146 1081 3226 substitit,
1117 3146 1186 3219 scd

139 3292 260 3345 rerum
288 3270 566 3366 discrepantiam
598 3276 671 3346 acri
699 3286 827 3344 notans
856 3272 992 3364 ingenii
1016 3272 1187 3343 acumine

139 3394 364 3481 innumeram
381 3408 502 3467 mente
521 3398 710 3491 complecti
730 3409 879 3466 conatus
899 3408 954 3466 est
974 3395 1188 3474 animalium

140 3518 352 3589 ranetatem
386 3542 430 3589 ac
458 3522 669 3614 roologiam'‚
705 3521 1029 3613 anthropologiam,
1053 3530 1187 3618 anato-
1218 3516 1221 3521 ‘

139 3665 224 3713 men
246 3667 327 3713 cum
359 3646 559 3737 generalem
579 3660 657 3716 tum
679 3655 919 3736 comparatam
938 3643 1102 3715 condidit
1128 3643 1186 3715 in.

31 3806 35 3812 ·
139 3790 212 3858 que
232 3769 471 3858 generationis
488 3771 671 3862 negotium
689 3793 817 3861 magno
834 3771 954 3841 studio
973 3766 1186 3862 inquisivit,

141 3891 335 3984 praecipue
358 3893 549 3986 diligenter
574 3894 764 3965 observans
786 3895 1032 3990 phaenomena
1055 3891 1093 3960 in
1114 3905 1186 3967 ore

141 4011 313 4095 incubeto
332 4014 505 4120 incoque
528 4019 683 4111 primum
711 4019 917 4093 advertens.
932 4026 1189 4116 punctumea·
