2566 5040
362 885 363 889 Ἰ
463 786 465 790 ’
522 796 751 860 SEGULUM
775 799 891 861 xv111.
1023 809 1056 871 '.'

388 926 685 997 autumnus
718 934 1045 999 connatam
1083 960 1086 965 ·

579 1086 616 1142 A.
639 1082 837 1146 leel-1738.
897 1078 900 1082 ’
983 1085 1025 1117 ’ἵ
1149 1088 1154 1101 '

231 1322 334 1416 Quae
357 1335 511 1395 exeunte
534 1325 655 1397 seculo
679 1324 788 1401 XVII
813 1302 928 1398 excoli
950 1310 1122 1422 'coeperat
1147 1322 1234 1402 doc·

76 1426 78 1430 ὗ
182 1447 278 1520 trina
290 1443 430 1519 medica
447 1447 678 1534 mechanica,
702 1442 825 1523 seculo
839 1446 969 1524 XVIII
989 1446 1235 1548 incunte³pln·

183 1574 313 1645 rimum
341 1572 415 1644 luit
434 1573 617 1645 elaborata
641 1587 679 1647 et
705 1575 839 1648 medici
869 1573 1169 1673 Batari'cgregia
1196 1587 1234 1648 et

182 1698 437 1794 compendiosa
458 1695 689 1770 institutione
708 1724 774 1794 per
798 1724 939 1773 omnem
964 1693 1101 1783 orbern'
1116 1700 1238 1773 medi·

183 1848 268 1896 cum
285 1833 488 1920 propagata.
539 1821 646 1915 Quod
665 1824 797 1919 quibus
826 1803 1037 1900 scommata
1061 1836 1235 1923 opportu-

184 1949 381 2031 nitatibus,
409 1947 504 2042 agite
528 1949 789 2049 perquiramus.
919 1983 927 1999 ·
971 1979 974 1986 ·

178 2099 180 2102 ’
232 2074 431 2144 nmmos
469 2074 662 2144 immortali
694 2072 741 2143 de
774 2071 1011 2145 circulatione
1049 2056 1234 2170 sanguinis

185 2197 444 2270 exercitatione
477 2192 617 2266 omnem
652 2197 857 2289 perculerat
894 2180 1117 2271 medicorum
1151 2223 1234 2294 gen·

186 2334 262 2393 tem
279 2343 322 2390 ac
344 2320 477 2391 veteris
495 2342 682 2414 novaeque
699 2322 902 2393 medicinae
922 2319 1131 2392 aedificium
1153 2320 1237 2393 sub-

186 2455 357 2521 verterat.
407 2443 491 2538 Ipse
515 2452 636 2513 autem
661 2467 683 2513 a
704 2445 827 2518 cordis
852 2443 1096 2518 mechanisma
1124 2443 1236 2550 expli·

175 2568 301 2644 'cando
315 2567 502 2639 doctrinae
516 2566 667 2639 duxerat
679 2567 835 2641 initium.
884 2546 987 2642 Hanc
1003 2552 1098 2642 riam
1114 2569 1233 2642 secuti

186 2692 381 2768 anatomici
398 2702 437 2764 et
460 2689 660 2786 physiologi
688 2692 897 2788 praesertim
923 2693 1130 2789 organicam
1152 2715 1232 2788 par-

186 2814 280 2893 tium
293 2829 529 2898 structuram,
555 2815 665 2888 idest
683 2817 841 2912 corporis
858 2812 1144 2920 mechanicorum
1157 2839 1235 2911 pcr-

186 2946 331 3040 qnircre
354 2941 588 3013 studuerunt:
626 2940 718 3011 nulli
753 2952 874 3013 autem
907 2940 1067 3013 feliciori
1096 2951 1233 3015 eventa

185 3093 296 3166 quam
321 3069 437 3138 Mane.
463 3065 688 3136 arimannis
713 3075 751 3135 et
771 3065 880 3137 Fncn.
903 3065 1110 3139 Rorscums.
1160 3065 1234 3136 Ita·

58 3210 61 3218 '
187 3182 413 3264 chanismnm
454 3187 581 3259 mundi
619 3189 807 3283 explanare
844 3200 1048 3270 tentaverat
1083 3191 1232 3262 Ionon

183 3311 394 3390 anrouu's.
454 3311 596 3407 Ecquid
632 3310 778 3395 mirum,
812 3311 911 3382 hunc
946 3294 1059 3385 seculi
1087 3312 1229 3409 genium

186 3439 437 3514 mechanicum
454 3459 639 3532 generasse
660 3414 861 3509 doctrinam
884 3437 1061 3509 medicam
1082 3458 1227 3526 noram,¹

176 3565 592 3641 auctore'Bonmraavro
612 3562 861 3635 concinnatam
881 3562 928 3634 ab
941 3570 1142 3660 eoque'per
1160 3581 1229 3633 om·

91 3693 93 3698 ’
187 3712 270 3761 nem
288 3700 465 3773 terrarum
484 3685 607 3757 orbem
625 3698 866 3784 propagatam.

235 3810 317 3903 Jam
341 3810 478 3885 dudum
499 3811 677 3908 chymiam
693 3786 893 3884 medicinae
921 3813 1157 3907 interpretem
1178 3805 1232 3881 la·

190 3936 271 4005 cere
295 3947 523 4008 tentaverant
542 3936 794 4009 relomratorea
823 3934 954 4007 mcdici
978 3934 1123 4032 luitque
1141 3934 1234 4005 hacc
1269 3942 1272 3947 “

189 4058 305 4158 prima
323 4062 545 4134 renascentia
569 4061 772 4136 medicinae
796 4071 914 4145 aetas,
937 4061 1137 4136 romantica
1152 4054 1232 4140 illa,
