2550 5040
113 378 152 443 ³2
296 383 578 459 conscotinus
597 392 761 460 nautes,
784 388 965 459 comosa,

113 563 260 655 lapsianr
279 565 423 656 originis
442 567 579 634 rationo
596 563 820 645 discernens,
848 565 978 634 calculi
996 564 1160 635 dolorem

114 709 135 754 a
170 688 292 757 dolore
329 667 454 758 colico*
469 702 506 758 et
538 688 794 767 melancholiae
830 690 946 758 varias
986 682 1162 782 indagans

111 807 263 881 caussas.
296 798 323 867 ⁴·
387 844 390 849 ·

162 937 331 1029 inprimis
359 931 538 1005 laudanda
563 937 649 1032 vejus
674 937 793 1028 praxis
809 949 864 1006 est
891 937 1002 1031 inque
1027 960 1160 1007 euran-

111 1059 169 1129 dis
187 1059 320 1129 morbis
342 1060 524 1152 sagacitas.
576 1061 725 1151 Saepius
752 1059 929 1132 Garama
944 1061 1160 1175 ‘redarguih

101 1185 152 1252 in
182 1183 419 1255 remediorum
448 1184 594 1254 delectu
620 1184 914 1278 delinquentem,
940 1184 1160 1268 Ganranootm

112 1307 352 1409 divinissimo,
377 1333 486 1405 quem
514 1296 695 1378 caeterum
725 1284 974 1402 magnifacit,
1001 1309 1079 1378 sine
1103 1309 1157 1376 ira

86 1459 154 1514 ‚ac
186 1421 317 1505 studio.
334 1435 491 1529 partium
524 1431 740 1527 obloquitur.
800 1432 967 1505 Pluribus
998 1431 1037 1500 in
1068 1430 1158 1500 loeis

112 1562 186 1652 opii
209 1559 359 1628 abusum
381 1557 505 1652 carpit.
553 1557 736 1651 Paralysin
760 1580 925 1627 aeaussa
950 1555 1069 1642 calida
1092 1577 1155 1624 an·

112 1683 356 1776 tiplrlogistioa
371 1682 543 1752 methodo
560 1681 754 1751 curandam
771 1706 848 1753 esse
865 1683 1068 1776 praecepit,
1096 1703 1158 1750 ea·

112 1808 350 1878 tharticorum
383 1806 593 1876 calidiornm
632 1831 739 1876 noxas
771 1809 930 1899 exemplo
967 1806 1154 1875 iudicans:

111 1933 251 2003 etenim·
268 1932 459 2026 diligenter
477 1930 745 2024 adtendendum
767 1955 859 2011 esse,
875 1930 941 2000 ubi
959 1930 1057 2001 vires
1076 1953 1154 2000 me·

110 2057 393 2126 dicerneutorum
420 2048 621 2133 re'mittere,
647 2055 711 2123 ubi
732 2079 815 2124 vcro
840 2055 1028 2125 intendere
1049 2079 1156 2148 opor·

110 2193 183 2262 tet,
209 2191 252 2249 ut
267 2180 364 2273 quod
382 2179 580 2247 remedium
593 2177 807 2257 adhibetur,
833 2181 1053 2250 contrarium
1071 2182 1155 2274 qui-

109 2306 191 2376 dem
214 2304 397 2398 superanti
425 2302 595 2384 affectui,
630 2304 803 2373 familiare
825 2327 912 2372 vero
934 2315 972 2373 et
993 2303 1152 2372 amicum

109 2426 326 2521 aegrotantis
344 2425 485 2497 habitui
498 2427 576 2518 fiat.
626 2429 672 2498 In
691 2428 848 2497 curanda
866 2427 1072 2522 dysenteria
1089 2449 1155 2497 eos

108 2552 185 2623 salli
206 2561 347 2650 monet,
371 2551 436 2646 qui
457 2552 585 2645 opiatis
607 2551 765 2622 dolorem
783 2553 901 2621 levare
922 2562 960 2621 et
985 2575 1152 2622 somnum

109 2676 299 2746 conciliare
317 2676 440 2772 sieque
468 2676 559 2768 agris
583 2677 676 2747 bene
702 2677 903 2756 consulere,
930 2677 1152 2769 opinantur:

107 2801 156 2870 ab
183 2799 241 2870 his
270 2800 386 2881 enim,
421 2811 503 2892 post
530 2799 668 2873 finitam
696 2799 846 2870 remedii
876 2800 1152 2892 operationem,

106 2923 271 2994 morbum
292 2924 425 3017 augeri.

153 3046 314 3119 Plurima
331 3046 442 3116 habet
460 3047 506 3116 de
524 3049 699 3140 podagra:
725 3046 840 3129 unde,
867 3071 949 3117 cum
967 3046 1013 3116 de
1033 3069 1078 3116 ea
1098 3046 1156 3117 ni·

104 3172 159 3241 hil
173 3170 332 3265 prodidit
341 3170 518 3251 Genuum,
533 3197 606 3241 non
618 3174 796 3243 immerito
807 3173 1007 3266 suspicatur
1019 3169 1155 3242 Fauc-

105 3315 206 3377 mus,
231 3292 394 3364 morbum
421 3295 518 3367 hanc
541 3297 753 3368 Araxenon
779 3309 938 3389 tempore
958 3294 1072 3385 magis
1094 3296 1153 3365 in·

104 3419 401 3513 voluisseqquod
425 3421 562 3492 nemini
577 3424 705 3492 mirum
731 3444 807 3490 esse
826 3421 980 3514 poterit,
1006 3411 1072 3510 q'ui
1093 3421 1152 3490 in·

104 3543 284 3614 valentem
306 3544 469 3638 quotidie
486 3546 669 3639 magisque
688 3546 947 3614 increscentem
965 3544 1061 3613 inter
1076 3545 1152 3616 Ro-

104 3689 227 3738 manos
243 3669 421 3739 luxuriem
445 3671 664 3762 cogitaverit.
852 3650 855 3659 ⁸

109 3826 113 3831 ·
152 3793 338 3887 syncopen
366 3818 386 3864 a
416 3794 581 3888 plethora
607 3792 706 3862 nasci
728 3815 849 3886 posse,
876 3791 1055 3873 ostendit,
1083 3817 1152 3863 ve·

105 3916 333 3988 naosectione
370 3918 582 3989 tollendam:
617 3917 672 3988 in¹
686 3917 790 3988 lienis
819 3917 1009 3989 affectibus
1036 3916 1152 3988 derto-

58 4076 77 4128 .·
103 4058 191 4109 usas
211 4049 280 4111 est.
