2550 5040
148 372 202 444 tra
390 370 449 444 nn
485 372 720 443 unnrcrnr
756 373 956 446 Anauon.

144 561 323 657 parientia
344 571 453 656 atque
472 559 628 633 inventis
650 560 842 654 complevit
859 562 927 643 ita,
952 572 994 631 ut
1011 554 1231 657 quodsu.

142 671 208 780 pla
226 687 272 756 de
292 686 509 758 Dloscottmn
528 685 748 767 notavimus,
773 688 945 755 materiae
960 687 1124 757 medicae
1144 715 1237 774 ex

143 809 324 880 medicina
356 807 552 881 domestica
573 809 685 902 origo
704 808 894 878 manifesta
922 809 989 894 slt;
1019 833 1090 880 nec
1123 823 1242 891 1111.

143 920 360 1030 rum'rideri
379 945 515 1028 potest,
541 945 684 1025 gentem
706 932 805 1026 prius
829 933 1060 1004 Nomadicam
1084 932 1245 1015 olins·

143 1081 216 1154 que
239 1070 349 1130 terras
377 1060 614 1138 incolentem,
641 1056 859 1129 Graecorum
888 1068 925 1127 et
947 1048 1244 1140 Romanorum

144 1183 358 1278 supellectili
382 1185 562 1276 complure
589 1204 682 1250 nova
705 1177 896 1250 addidisse.

80 1297 82 1301 ¹
187 1294 307 1382 Etiam
319 1319 413 1406 artes
424 1330 496 1375 nou
507 1304 702 1398 neglexisse
716 1303 760 1372 ad
776 1294 992 1374 medicinam
1008 1301 1242 1379 illustran-

145 1430 230 1502 dam
243 1431 399 1512 Arabes,
423 1430 557 1500 docent
577 1427 684 1498 Liber
701 1428 936 1499 Eccocnnscn
956 1428 1093 1500 Tuccio
1113 1431 1240 1502 Sa·

39 1588 41 1592 ·
144 1559 274 1630 nitdtis
302 1554 446 1626 nomine
478 1564 516 1622 et
545 1553 795 1623 lllonrnttannrl
832 1560 960 1644 poetae
993 1555 1239 1650 descriptio

146 1680 275 1754 febris:
301 1659 453 1774 quorum
477 1677 575 1770 prior
603 1676 784 1756 iconibus,
811 1675 902 1747 alter
929 1680 1238 1752 carminarem

144 1805 318 1876 medicam
341 1802 538 1873 adornavit.
773 1803 776 1813 '

196 1929 334 2000 Arabes
359 1926 467 1995 luisse
490 1924 610 1995 medio
627 1948 716 1994 aevo
735 1921 871 2016 priscae
889 1925 1102 1998 eruditionis
1125 1943 1241 1996 cu·

149 2054 288 2132 stodes,
312 2041 382 2152 nec
400 2052 481 2118 sine'
494 2064 633 2129 caussa,
650 2048 794 2117 dicitur.
820 2050 937 2119 Minus
953 2063 1074 2121 tamen
1092 2053 1163 2123 Pr,
1175 2066 1240 2112 Δ·

147 2177 616 2250 consummandorum,
642 2193 750 2263 quam
776 2173 1028 2245 Amsrorccms
1047 2187 1084 2246 et
1114 2175 1243 2250 (ἰὼ

145 2313 262 2372 Ln'nou
285 2299 412 2368 sectati
434 2308 528 2367 sunt.
576 2295 750 2365 Nimirum
780 2296 908 2367 horum
935 2270 1094 2370 virorum
1113 2288 1245 2370 dia·

145 2425 313 2495 lecticam
336 2445 378 2493 ac
401 2420 664 2515 systema'tieam
692 2422 868 2490 rationem
895 2424 940 2493 iis
962 2425 1246 2517 potissimum

146 2549 347 2644 placuisse,
373 2547 506 2619 docent
528 2544 687 2638 ipsorum
718 2547 859 2639 scripta.
909 2545 962 2617 Ex
984 2549 1249 2619 Hirrocssh·

147 2694 201 2743 r1s
216 2672 441 2766 prognostice
458 2671 663 2738 semeiotice
678 2680 762 2736 nata
775 2680 829 2738 est
844 2669 1073 2755 scholastica,
1095 2698 1158 2766 qu
1175 2677 1249 2731 8⁰

145 2799 369 2888 uroscopiam
397 2808 435 2864 ct
466 2793 764 2888 sphygmologiam
794 2796 1005 2886 praesertim¹
1032 2790 1253 2890 comple·

148 2920 325 2990 ctebatur.
375 2920 426 2988 Ex
450 2919 644 2987 diaetetice
666 2918 845 2987 medicina
866 2930 949 2989 orta'
966 2929 1021 2989 est
1051 2938 1179 2991 cosin
1190 2926 1255 2972 θ’

81 3027 86 3039 ’
146 3046 230 3115 tica.
280 3043 377 3113 Ante
396 3043 482 3110 alias
500 3066 584 3112 vero
605 3042 790 3112 doctrinae
810 3043 970 3113 medicae
989 3046 1255 3136 putresco

144 3148 498 3240 lueruntrnateriem
518 3165 692 3234 medl'cam
712 3176 749 3235 et
766 3152 1005 3237 condiderunt¹
1023 3167 1190 3261 pharan
1203 3169 1257 3216 ³·

149 3294 317 3362 ‘centiceu
350 3289 459 3382 inque
498 3290 565 3359 hac
600 3304 701 3382 parte
739 3277 1006 3374 excelluerunt,
1042 3293 1094 3364 ita
1120 3285 1256 3361 111·

146 3415 449 3511 quemadmodum
488 3415 734 3487 llrfrocnurns
771 3401 1047 3507 prognosticat,
1089 3410 1260 3485 ΑΒΕ·

146 3534 254 3612 iscus
283 3538 546 3631 diagnostic'en,
585 3536 749 3610 Gacnno's
778 3539 947 3608 medendi
975 3526 1261 3609 me'thoer¹1¹

147 3666 435 3744 illustraverant,
469 3663 520 3733 sic
547 3663 598 3731 illi
624 3663 939 3755 pharmaceuticen
963 3664 1009 3732 in·
1029 3644 1220 3755 discipl
1241 3633 1264 3696 l·

145 3782 272 3858 narum
293 3787 562 3879 medicinalium
590 3788 726 3882 cyclum
748 3773 996 3860 induxeruntt.
1010 3789 1109 3883 quod
1132 3753 1266 3853 «ἐι

148 3911 233 4009 ipsis
267 3897 564 4011 compositionum
598 3910 864 3985 medicinalium
893 3913 1100 4015 nominibus
1126 3901 1267 3986 dss'
