2566 5040
123 386 189 464 us'
216 376 227 395 “’
359 375 947 464 osoac1ussasssaossmm.³

124 573 373 673 gitationems
390 576 453 648 sed
488 577 682 673 simplicem
721 577 894 651 duntaxat
927 561 1167 655 intellectum.⁴

60 778 61 781 Ἴ
122 702 205 778 Hoc
224 701 364 772 animae
387 700 425 771 in
448 725 575 795 corpus
597 702 786 795 imperium
810 713 990 774 testantur
1011 703 1163 796 phanta·
1195 681 1199 688 ¹

124 823 200 898 siae
215 824 338 896 matris
350 825 536 897 iniustum
554 810 777 897 formandum
798 837 976 920 potestas,
999 840 1157 901 motuum

107 949 288 1031 >vitalium
318 973 401 1020 cum
431 949 587 1021 motibus
616 949 809 1043 mosalibus
835 953 1075 1047 conspiratio,
1108 955 1164 1028 vis

122 1069 393 1144 consuetudinis
417 1072 455 1142 in
471 1095 598 1167 corpus
617 1073 814 1146 humanum
833 1074 985 1146 maxima
1004 1089 1043 1148 et
1066 1079 1162 1152 um

121 1215 244 1270 monn·
267 1195 425 1290 denique
455 1198 502 1268 de
527 1197 729 1291 embryonis
761 1198 973 1271 formatione
1000 1202 1157 1277 inventa.
1195 1282 1196 1288 χ

3 1359 6 1365 ⁴
119 1322 206 1417 Ipsa
226 1332 347 1393 autem
378 1321 536 1415 corporis
559 1319 674 1393 vitam
700 1332 842 1405 tuetur,
866 1327 1078 1418 praesertim
1105 1352 1165 1400 se··

40 1513 44 1520 .
120 1446 322 1517 cretionum
347 1447 662 1540 excretionumque
689 1446 853 1539 negotio,
878 1449 1011 1543 quibus
1044 1451 1182 1524 aliena·

121 1594 312 1666 ecorporc
343 1569 594 1642 subducuntur
619 1593 682 1664 per
704 1581 822 1640 motus
851 1572 982 1644 vitales
992 1575 1157 1658 tunicas,

121 1686 268 1777 ordinm
293 1704 470 1789 tempore,
494 1692 694 1767 directione
717 1692 756 1763 in
783 1706 921 1767 eertum
949 1697 1062 1771 finem
1081 1711 1169 1783 ten-2

119 1816 258 1890 dentes.
839 1901 840 1907 γ
968 1824 971 1834 “

130 1960 134 1967 ·
162 1941 334 2029 -Turbant
343 1966 598 2038 saepenumero
610 1945 681 2018 hos
698 1958 816 2019 motus
826 1941 1034 2041 psthemata
1049 1950 1155 2022 animi

117 2065 271 2167 nimium
292 2065 453 2150 mobilis,
478 2069 644 2153 levioris,
661 2072 908 2166 impatientis,
931 2075 1134 2146 meticulosi
1144 2098 1170 2159 ‚:.

117 2173 281 2266 laborum
311 2191 654 2291 contentionumque
685 2195 910 2267 intolerantis
935 2190 1154 2292 pratumque

114 2316 265 2393 vivendi
285 2338 422 2412 geum,-
437 2337 511 2409 quo
527 2340 593 2411 per
610 2317 922 2415 intemperantiam
938 2330 1049 2414 atquc
1065 2320 1156 2391 desi·¹

115 2440 221 2515 diam
237 2441 379 2537 sanguis
400 2451 542 2512 creatur
562 2442 622 2514 vel
640 2443 741 2537 justo
763 2441 956 2539 copiosior,
983 2443 1043 2514 vel
1054 2444 1154 2537 justo

115 2565 279 2663 spissior:
319 2565 380 2636 cui
412 2575 531 2638 tamen
567 2565 643 2639 sive
673 2566 880 2662 plethorae,
920 2566 996 2637 sive
1037 2591 1081 2638 ex
1114 2591 1155 2639 ca

113 2703 226 2775 natae,
248 2691 474 2786 spissitudini
505 2691 671 2763 medetur
697 2703 849 2774 natura,
874 2689 1063 2763 concitatis
1092 2713 1160 2784 pec

115 2815 262 2890 eosdem
279 2817 359 2886 illos
378 2828 497 2895 motus
517 2816 654 2887 tonicos
670 2814 950 2909 haemorrhagiis
971 2826 1035 2886 aut
1053 2813 1156 2887 febre
1176 2866 1179 2871 -

114 2941 340 3036 crisibusque
359 2951 398 3021 et
416 2938 712 3012 evacuationibus
729 2929 868 3010 'criticis
887 2939 933 3010 ad
955 2950 1072 3015 certas
1094 2963 1153 3034 pe·
1192 2999 1197 3007 .

30 3147 38 3164 ἢ
113 3063 298 3137 lindosum
324 3064 420 3156 leges
448 3063 647 3145 adstrictis.
683 3088 776 3159 quo,
812 3084 879 3134 ceu
906 3061 1007 3134 fluxu
1033 3075 1071 3135 et
1099 3086 1156 3158 ¹¹9·-

113 3188 217 3263 flui'u
243 3187 530 3270 microcosmico,
555 3199 673 3259 motae
698 3187 739 3259 in
764 3165 913 3281 corpore
943 3172 1070 3257 turbae
1103 3209 1180 3257 εει.

115 3315 264 3395 dantur,
302 3321 366 3382 aut
392 3309 422 3381 si
455 3335 516 3403 per
548 3313 707 3383 animum
749 3314 805 3382 sui
829 3313 999 3406 impotem
1037 3310 1178 3387 sedari.

15 3500 17 3504 Α
114 3440 276 3539 perfecte
303 3446 503 3532 nequeant,
542 3436 812 3508 consuetudinis
846 3434 1029 3510 beneficio.
1055 3435 1182 3506 mitis,

115 3575 255 3662 gantur.

122 3692 126 3701 ’
163 3691 376 3761 Haccvera
405 3697 472 3757 est
508 3684 647 3758 theosis
681 3684 900 3766 medicinae,
935 3686 1040 3778 cujus
1078 3685 1155 3757 offi-

115 3813 213 3886 cium
226 3812 267 3882 in
280 3811 337 3882 his
354 3811 509 3881 motibus
524 3823 588 3881 aut
604 3808 850 3888 observandis,
877 3819 941 3878 aut
955 3809 1156 3903 prudenter-

115 3937 284 4029 regundis
311 3944 366 4005 est
382 3935 548 4028 positum.
584 3937 676 4029 ¹Hoc
694 3905 819 4006 veriam
837 3931 1065 4028 pathologiae
1081 3956 1154 4003 me·

115 4059 218 4152 dicae
241 4057 533 4133 tundamentum:
560 4054 974 4156 siquidempcrtusbata
995 4056 1157 4148 idoare-
