2566 5040
114 379 185 443 230·
460 382 535 448 10.
581 375 809 442 BROWN.

117 559 211 630 dem.
237 554 296 626 Ab
308 557 517 627 alterarcro
527 569 630 651 parto
643 556 820 649 culpanda
832 555 995 625 Bnowrul
1015 561 1159 623 senten·

116 682 251 763 tiaram
265 683 468 761 temeritas,
493 683 664 752 sermonis
684 680 891 750 obscuritas.
913 675 1157 770 Culpondum,

118 807 216 902 quod
233 807 335 899 justo
357 806 497 897 longius
528 804 729 875 extenderit
751 802 1015 873 incitabilitatis
1038 799 1156 870 notio·

119 945 224 1010 nent,
248 952 341 1022 quae
360 951 430 998 nec
449 929 652 998 universam
668 928 919 1022 complectitur
937 923 1071 1003 vitam,
1096 945 1157 992 ne-

120 1062 375 1149 quemnemo
400 1053 480 1144 ejus
511 1053 664 1123 effeetus
688 1053 773 1122 satis
801 1051 966 1155 θύει
1014 1046 1158 1118 Etenim

121 1180 222 1250 baec·
238 1200 320 1271 pars
350 1187 489 1247 tantum
516 1178 627 1270 ipsius
656 1177 802 1248 virtutis
832 1175 953 1248 'vitalis
977 1184 1052 1254 est,
1087 1171 1158 1266 qud

122 1326 251 1397 corpus
284 1299 424 1394 legibus
457 1302 629 1396 chymicis
657 1299 951 1394 mechanicisque
984 1298 1156 1390 imperat,

122 1450 228 1497 suum
249 1436 373 1495 tuetur
392 1426 565 1509 calorem,
592 1429 736 1497 amissas
752 1437 872 1519 partes
889 1421 1063 1494 restituit.
1088 1421 1157 1490 Im·

123 1549 309 1646 probanda
335 1573 479 1643 quoque
509 1552 688 1620 sententia
710 1551 756 1620 de
784 1545 1047 1620 incitabilitatis
1071 1568 1159 1615 rum·

48 1729 51 1736 .
123 1699 201 1754 ma,
231 1673 347 1743 cuivis
370 1648 508 1746 viventi
529 1675 687 1755 t1ibuta,
717 1673 815 1744 unde
842 1695 916 1742 non
947 1670 1160 1763 intelligitur

125 1797 238 1891 liujus
263 1795 360 1866 dotis
383 1798 510 1869 morbo
541 1799 700 1891 graviori·
720 1808 949 1891 consumptae
972 1786 1159 1888 reparatio.

108 1921 251 2014 ,licque
285 1921 636 2014 satis¹perspicitur,
669 1932 875 2017 quo'pacto
903 1921 949 1991 ad
976 1938 1173 2022 aegrorum·

124 2045 277 2116 lectulos
309 2045 403 2114 scala
433 2045 559 2116 haberi
580 2048 713 2140 possit,
737 2068 830 2141 quae
864 2055 989 2116 exacte
1018 2045 1079 2114 vel
1105 2042 1162 2114 sti·

124 2170 214 2241 muli
241 2168 412 2261 gradum,
447 2171 504 2239 vel
526 2169 789 2240 incitabilitatis
819 2167 977 2239 indicet:
1003 2166 1162 2261 quamvis

125 2297 168 2366 in
183 2291 460 2386 praescribenda
478 2295 665 2389 utriusque
689 2294 874 2364 astbeniae
899 2292 1088 2362 curatione
1104 2314 1161 2361 aa·

127 2416 236 2488 otoris
251 2428 418 2485 cernatur
432 2418 614 2509 sagacitas.
650 2417 873 2510 Culpandus,
890 2415 991 2510 quod
1005 2417 1044 2487 in
1062 2408 1161 2486 ¹tanto

64 2594 67 2600 -
126 2542 290 2613 dolorum
311 2563 460 2610 numero
486 2541 591 2611 nobis
620 2535 783 2614 sedentia
799 2541 957 2612 remedia
980 2539 1161 2633 eripuerit.

128 2664 354 2758 Culpandus,
380 2665 479 2759 quod
499 2664 635 2748 nullam
657 2665 827 2748 hebuerit
842 2664 1038 2768 fluidorum
1059 2665 1162 2734 ratio·
1210 2681 1212 2684 ’

128 2811 213 2861 nem
234 2788 274 2858 in
293 2789 511 2882 explicandis
539 2790 742 2862 morborum
773 2789 1044 2884 originibus-
1069 2785 1162 2881 quod

129 2909 435 3006 haemorrhagias,
460 2915 694 3007 apoplexiam,
719 2938 890 3008 spasmos,
916 2913 1163 2985 convulsiones

130 3038 178 3110 ad
196 3037 420 3110 astbenicum
452 3037 657 3108 morborum
676 3063 786 3132 genus
808 3037 983 3108 retulerit.
1034 3035 1164 3107 Verum

129 3165 249 3258 posito
278 3163 455 3257 principio
487 3163 751 3234 incitabilitatis
779 3161 936 3257 indeque
963 3161 1077 3231 ducta
1104 3179 1165 3227 no-

130 3287 231 3356 tione
253 3286 299 3356 de
323 3288 420 3358 vitae
448 3298 543 3358 statu
575 3300 718 3358 coactor
742 3290 860 3381 posito
881 3287 994 3354 altero
1015 3285 1062 3354 de
1081 3280 1167 3352 inci·

130 3411 312 3482 tabilitate
336 3435 409 3481 una
435 3422 473 3480 et
495 3411 649 3481 indivisa
673 3435 737 3502 per
762 3423 878 3481 totum
903 3432 1052 3499 corpus,
1078 3426 1184 3499 quaa·
1216 3401 1218 3404 ’

133 3559 258 3606 caussa
274 3546 313 3607 et
329 3536 531 3607 morborum
553 3548 591 3605 et
610 3535 723 3618 vitae3
747 3525 865 3628 posito
889 3533 997 3603 tertio
1014 3532 1062 3601 de
1080 3552 1169 3598 mor-

133 3659 181 3734 bo
201 3658 366 3730 sthenico
389 3664 465 3732 sive
484 3660 697 3739 astbenico‚.
714 3683 755 3728 ex
779 3674 850 3728 uua
875 3657 1058 3749 pendente
1075 3653 1170 3724 varia

134 3783 364 3866 incitatione,
388 3787 486 3856 unde
503 3783 618 3854 morbi
638 3782 792 3852 sthenici
807 3794 846 3852 et
864 3781 1062 3867 astbenici3
1087 3801 1171 3872 quo·

134 3930 215 3978 rum
242 3909 283 3978 hi
301 3909 377 4002 jam
400 3935 442 3980 ex
468 3909 613 3980 stimulo
642 3907 772 3987 nimio,
806 3907 881 4000 jam
908 3929 952 3983 ex
978 3904 1169 3975 deficiente
1201 3902 1204 3912 '

138 4033 303 4108 oriuntur
324 4045 566 4127 curanturque
586 4031 758 4124 oppositis
775 4029 963 4110 remediis,
987 4051 1120 4101 novum
1135 4034 1171 4096 et
