2566 5040
116 367 174 430 284
358 418 361 425 .
411 366 602 426 statueras
621 369 859 430 HAHNEMANN

120 567 221 619 casus
253 542 367 625 morbi
409 540 611 622 individui,
642 543 771 636 jubeat
803 545 983 615 medicum
1018 542 1161 634 singula

119 669 219 759 signa
238 668 401 759 religiose
420 670 645 762 perquirere,
672 668 817 761 chartae
838 648 1006 738 mandare
1026 667 1072 737 ad
1096 691 1160 737 ea·

119 816 190 886 que
211 813 356 860 examen
385 789 552 881 dirigere,
579 815 652 885 quo
672 794 874 862 accuratius
899 811 1042 880 semper
1065 790 1157 860 deli·

118 926 249 985 neetur
272 911 385 982 morbi
402 910 516 1009 forma
535 936 577 983 ac
594 915 741 1002 species.
767 915 845 987 Hac
866 913 1059 1007 diligenter
1075 922 1166 1008 exu-v

119 1048 215 1117 rate,
234 1036 396 1132 sequitur
416 1038 574 1108 secundo
593 1038 672 1107 loco
691 1037 841 1106 remedii
863 1038 1036 1108 inventio.
1062 1039 1158 1109 Huic

13 1206 20 1214 ‹·
119 1164 215 1236 viam
238 1159 376 1251 aperiet
404 1171 491 1229 nota
514 1162 791 1233 medicaminum
813 1162 865 1232 vis
892 1163 932 1231 in
953 1181 1083 1253 corpus
1106 1186 1159 1232 sa·

120 1309 208 1358 num
228 1293 267 1356 ct
290 1283 488 1374 integrum,
518 1300 612 1380 quae
631 1286 872 1380 experimento
887 1284 1157 1379 investiganda,

121 1411 197 1481 sire
218 1407 379 1499 proprio,
401 1407 618 1480 sire‘alieno
643 1409 709 1501 (*).
738 1407 956 1497 Henetiam
978 1407 1157 1500 ingressus
1210 1467 1213 1472 .

120 1545 248 1606 auctor
270 1531 591 1622 experimentorum
619 1535 789 1604 suuimam
815 1510 1092 1602 communicavit
1119 1534 1164 1617 in,

120 1655 410 1752 pharmaceutice
427 1678 526 1749 pura.
575 1630 826 1751 Experimenta
838 1656 1057 1748 comparavit
1073 1680 1154 1727 cum

120 1782 280 1871 historiis
308 1779 563 1851 veneficiorum
595 1781 771 1876 simulque
804 1780 939 1874 adjecit
969 1781 1154 1851 cautiones

118 1906 159 1976 in
190 1902 410 1975 observando
441 1903 599 1998 dumque
634 1905 696 1976 alii
727 1906 804 2000 ejus
830 1904 997 1998 discipuli
1024 1927 1067 1974 ea
1097 1905 1155 1976 ria

119 2026 376 2125 procederent,
409 2026 642 2109 factumest,
678 2042 728 2101 ut
750 2030 839 2099 haec
863 2051 944 2122 pars
969 2027 1153 2098 doctrinae

120 2151 459 2224 Hahnemannianae
485 2152 596 2246 magis
621 2153 876 2244 perficeretur:
912 2175 1022 2245 quam
1048 2149 1154 2246 perfi-

62 2344 66 2356 ,
121 2275 250 2348 ciendo
279 2296 357 2347 eam
384 2273 453 2344 sibi
481 2277 737 2367 comparabunt
759 2272 925 2346 medendi
947 2275 1149 2356 scientiam,

120 2426 212 2499 quae
234 2424 307 2470 non
331 2397 483 2470 multum
512 2397 626 2471 aberit
649 2424 671 2469 a
698 2397 917 2471 certitudine
942 2398 1152 2493 disciplinae

115 2523 401 2598 mathematicae.
853 2533 857 2539 “
1006 2499 1008 2502 .

167 2648 352 2721 Auxilium
373 2668 417 2717 er
433 2648 519 2718 artis
537 2647 668 2740 regulis
687 2647 875 2720 inventum
892 2646 970 2719 dosi
987 2646 1153 2741 propine·
1214 2645 1217 2655 “

118 2785 179 2845 tur
204 2771 383 2864 legitima,
409 2797 481 2866 quo
501 2770 596 2842 facto
614 2796 656 2843 ea
674 2783 827 2865 puncta,
853 2796 913 2842 eas
933 2781 1053 2862 partes
1077 2782 1153 2841 tan·

75 2906 77 2913 '
112 2871 198 2989 (get,
231 2918 323 2988 quae
356 2918 399 2965 ex
424 2895 548 2965 morbo
571 2893 727 2967 naturali
756 2907 943 2991 aegrotent
966 2894 1152 2990 morbique

117 3020 246 3114 prioris
263 3018 382 3087 locum
403 3018 609 3113 occupabit,
634 3023 742 3091 itaut
760 3044 863 3114 aeger
876 3021 953 3113 jam
970 3041 1045 3090 non
1062 3040 1153 3088 mor·

118 3143 166 3214 bo
193 3142 349 3212 naturali
387 3143 449 3212 sed
477 3143 683 3215 medicinali
715 3145 877 3226 laboret,
914 3143 978 3239 qui
1011 3154 1151 3222 tamen,

117 3267 287 3361 quoniam
309 3266 356 3334 ob
375 3290 515 3358 paream
530 3268 680 3340 remedii
700 3268 805 3340 dosin
826 3291 956 3361 parvus
977 3279 1048 3349 est,
1074 3267 1154 3336 bre·

117 3393 156 3462 ri
185 3415 249 3461 sua
275 3402 401 3484 sponte
432 3405 632 3466 evanescet
690 3392 884 3464 Debebunt
912 3392 1034 3462 autem
1067 3403 1151 3461 ante

119 3515 236 3606 omnia
260 3516 414 3608 spectari
432 3528 667 3609 symptomata
693 3518 885 3598 notabilia,
921 3515 1154 3586 characteris·

112 3716 303 3736 m

157 3831 203 3902 (*)
222 3827 368 3886 Hocunus
384 3827 496 3884 videret
504 3830 692 3898 Hactenus,
709 3828 752 3886 uti
765 3835 887 3884 testatur
897 3825 1016 3885 locusin
1028 3821 1155 3885 Pham.

113 3927 200 3989 Helo.
218 3931 324 4006 Proef.
348 3932 479 4009 pag.12.
499 3934 602 3992 citatus
617 3954 643 3991 a
667 3936 713 3994 Jo.
729 3934 833 3993 Auen·
853 3933 992 3990 Monam
1013 3931 1043 3990 in
1067 3932 1152 4008 App,-

114 4031 268 4101 Medicam.
286 4035 355 4107 Vol.
370 4039 397 4098 Ι.
417 4038 512 4103 Praei.
