2566 5040
305 380 642 450 murmurarem
674 379 929 453 aasumensi.
1102 392 1151 461 nt

91 566 209 662 (quos
240 563 376 646 ethoc
393 576 553 656 tempore
580 566 775 638 crebriores
805 566 936 651 fuisse,
960 589 1029 640 nec
1059 570 1137 641 sine

88 712 219 761 caussa
234 687 451 782 opinantur)
472 702 561 761 ante
580 691 766 775 chronicas
786 693 921 786 cogniti
939 704 978 764 et
996 693 1042 762 ab
1061 693 1138 764 illo-

87 838 173 886 rum
205 812 409 906 cognitione
438 823 478 884 et
504 815 690 886 curatione
719 814 920 887 medicinae
957 818 1139 911 practicae
1243 889 1248 896 ,

89 939 232 1010 iactum
256 937 303 1006 sit
319 936 465 1005 initium
484 961 636 1032 eumque
663 951 824 1032 partem,
848 964 942 1037 quae
957 940 1077 1011 febres
1101 953 1141 1012 et
1187 1009 1190 1012 ,

90 1038 412 1142 inflammationes,
433 1084 527 1156 quae
546 1061 687 1133 morbos
705 1074 830 1133 acutos
849 1064 979 1156 igitur,
1007 1065 1141 1157 tangit,

90 1186 319 1280 potissimum
337 1183 555 1257 elaborarint
572 1196 714 1258 veteres
741 1187 883 1258 scholae
908 1187 1001 1259 Coae
1027 1190 1143 1260 alum-

90 1312 154 1392 ni,
178 1321 223 1381 ιιι
238 1333 282 1379 οι
301 1307 372 1379 hac
387 1310 509 1381 schola
529 1322 567 1382 et
584 1310 741 1417 febrium
759 1320 797 1380 et
820 1309 1144 1384 inflammationem
1273 1306 1276 1314 ’

91 1434 256 1529 cognitio
281 1431 456 1504 historica
476 1458 517 1504 ac
543 1435 645 1505 notio
668 1435 827 1528 practica
855 1447 940 1506 nata
963 1437 1021 1507 sit.

52 1634 55 1642 ,
142 1556 269 1642 Febris
298 1560 496 1637 eommunis
526 1557 642 1630 morbi
676 1559 790 1631 lorma
822 1571 878 1631 est
910 1583 953 1628 ac
980 1559 1141 1653 species,

90 1704 203 1793 quam
232 1658 378 1775 peperit*
403 1682 634 1790 prognostica
663 1684 756 1756 ratio
783 1660 952 1781 quaeque
985 1683 1145 1778 reliquas

89 1807 171 1879 iere
193 1816 344 1881 cunctas
363 1830 437 1903 una
455 1807 638 1900 complexa
654 1819 740 1890 est.
766 1807 890 1879 Febris
913 1807 1053 1878 isthaec
1082 1834 1151 1895 ιιι,
1223 1869 1226 1875 ,

91 1935 191 2002 rium
224 1929 338 2013 habet
367 1930 577 2012 decursum,
603 1933 720 2003 varios
741 1944 864 2027 typos,
889 1933 1005 2001 varias
1033 1933 1143 2004 crisos

91 2053 287 2159 seriesque
314 2055 586 2149 comprehendit
614 2055 833 2150 singularum
856 2057 1013 2150 partium
1039 2058 1144 2151 pblo·

92 2203 221 2276 goses,
247 2188 419 2274 tanquam
445 2178 532 2251 alias
555 2177 724 2289 'aliasque
756 2179 955 2267 communis
966 2155 1150 2293 incendii

92 2303 280 2400 sequelas·
306 2304 382 2376 sire
400 2302 556 2403 phrenas
576 2285 771 2406 accendat,
797 2303 873 2375 sive
895 2304 1041 2386 lauces,
1067 2286 1143 2389 sive

91 2432 306 2525 pulmones,
341 2454 421 2513 seu
432 2428 624 2531 intestina:
658 2428 710 2498 ita
744 2439 787 2497 ut
823 2452 917 2523 quae
945 2428 1149 2500 inflamma.

94 2556 218 2626 tiones
235 2526 498 2643 memorentur,
522 2522 594 2622 sint
615 2551 736 2659 potius
759 2549 878 2622 febres
908 2576 990 2622 cum
1014 2538 1145 2648 topicis

92 2677 328 2783 ejusmqtli
305 2676 497 2777 affectibus
525 2673 737 2779 habendae:
773 2674 884 2745 febris
906 2668 1143 2769 phrenitico,

91 2802 289 2895 anginosa,
313 2793 521 2895 pleuritica,
548 2801 718 2893 gastrica3
738 2776 869 2902 reliqui
886 2800 1146 2887 veroohronici

91 2923 228 3018 morbi
231 2923 300 3004 sel
312 2924 467 3029 lebripm
483 2924 717 3029 reliquiae
706 2923 766 3001 sel
784 2907 1068 3032 epigenomena,
1086 2926 1146 2996 sel

91 3049 226 3133 exitus,
249 3049 455 3155 Atque
428 3075 481 3154 sie
500 3071 522 3121 a
520 3044 713 3159 generali
726 3028 943 3133 morborum
950 3047 1150 3133 febrilium

93 3150 288 3249 acutorum
317 3175 520 3270 cognitione
550 3173 733 3244 medicina
760 3171 890 3270 clinica
912 3150 1148 3264 Graecorum

94 3298 244 3372 initium
264 3298 379 3392 cepit,
388 3301 503 3406 'qta
481 3311 623 3379 tamen,
648 3310 692 3373 ut
710 3322 793 3371 cum
820 3297 891 3368 hae
918 3299 1175 3397 conjunxerit⁴
1229 3291 1238 3307 ”

94 3422 257 3495 hominis
282 3424 501 3515 aegrotantis
531 3422 740 3495 adcuratam
771 3422 939 3527 notitiam
964 3433 1004 3492 et
1029 3421 1147 3516 digito

52 3599 56 3609 .
93 3548 203 3645 quasi
240 3544 288 3645 ad
328 3548 529 3653 generalem
567 3546 771 3618 morborum
808 3545 992 3616 febrilium
1026 3530 1149 3616 thera·

95 3673 218 3765 peiam
245 3670 340 3743 viam
364 3647 626 3744 monstraverit.
736 3646 740 3653 ¹
