2566 5040
148 384 188 461 aa
352 374 669 453 nancrarcusar
688 372 990 444 carsrsrarros
1020 336 1024 341 ’

149 528 328 639 secundae
366 559 609 653 adversaeque
644 559 900 650 interpretem,
934 555 1026 628 illud
1053 549 1201 648 duplex

150 687 255 762 fiuxit
268 710 290 765 ε,
311 680 463 753 animale
485 706 535 761 ,ex
553 680 709 774 capite,
734 680 844 750 vitale
866 705 910 750 ex
937 680 1046 751 corde
1072 679 1198 772 prote-

152 822 270 885 ctum:
295 806 529 898 respiratione
553 818 674 875 autem
704 803 837 873 attrahi
858 815 896 874 et
925 829 968 874 cx
993 803 1102 882 corde
1125 822 1199 895 per

132 932 301 1018 arterias
329 928 498 1001 diffundi.
556 926 694 1021 Quodsi
730 928 872 1018 sanguis
904 927 942 1000 iu
973 950 1034 997 eas
1061 950 1198 1009 venas,

153 1079 249 1150 quac,
271 1053 414 1146 spiritui
440 1052 732 1122 adcommodatae
766 1063 868 1132 sunt,
900 1049 1199 1132 transfundatur,

151 1176 469 1257 inflammationem
498 1174 646 1246 excitari
677 1173 856 1268 talemque
881 1184 1042 1265 motum..
1070 1175 1200 1270 qualis

149 1300 309 1399 infabre
334 1311 405 1381 est,
432 1300 499 1393 ipsi
517 1297 665 1393 placuit.

163 1474 167 1481 -
213 1427 439 1500 llunormcus
473 1434 512 1493 et
539 1422 794 1513 Praxagoream
827 1417 1010 1515 professas
1037 1436 1095 1493 est
1127 1421 1201 1493 hu·

155 1573 308 1621 morum·
323 1548 564 1642 pathologiam
588 1555 629 1625 ¹et
657 1546 899 1639 praeceptoris
920 1547 967 1619 de
998 1547 1105 1640 pulsu
1129 1546 1199 1618 do·

152 1663 309 1745 utrinam
339 1671 491 1741 nimium
522 1668 702 1740 subtiliter
735 1670 909 1739 excoluitz
949 1671 987 1743 id
1016 1669 1114 1765 quod
1138 1650 1201 1739 liis

156 1797 278 1869 serbis
298 1795 472 1876 indicavit
492 1794 653 1873 Primus,
680 1790 781 1863 Hiar.
800 1790 891 1863 Nat.
910 1793 983 1876 IX,
1008 1792 1054 1873 37
1064 1820 1076 1862 -ε
1101 1817 1126 1862 r
1141 1814 1203 1861 ar·

157 1921 329 1991 teriarum
351 1918 483 2012 pulsus
507 1917 546 1988 in
567 1915 752 1987 cacumine
778 1916 929 1987 maxime
956 1902 1203 1988 membrorum

73 2016 85 2074 ¹.
159 2033 325 2122 evidens,
359 2041 465 2112 index
486 2041 561 2112 lere
584 2018 806 2120 morborum,
831 2040 869 2110 in
890 2041 1054 2111 ‘modulos
1080 2051 1205 2112 certos

160 2167 327 2259 legesque
354 2163 521 2235 metricas
551 2188 615 2258 per
636 2174 801 2243 aetates,
829 2163 989 2245 stabilis,
1010 2142 1079 2243 aut
1103 2163 1205 2236 oila-

162 2303 241 2371 tus‚
266 2299 331 2358 aut
361 2287 483 2357 tardus
513 2287 713 2381 descriptus
732 2287 779 2357 ab
806 2288 1016 2361 Hmormto
1047 2286 1206 2359 medici·

161 2434 231 2483 nac
253 2420 356 2491 vate,
379 2409 541 2486 miranda
561 2422 656 2492 arte,
682 2411 828 2482 nimiam
853 2424 998 2507 propter
1021 2412 1207 2493 subtilitm

160 2534 237 2605 'tem
258 2528 455 2623 desertus?
505 2534 607 2604 Eiet
634 2536 785 2605 obscura
812 2535 883 2605 tuit
909 2536 1090 2609 scribendi
1108 2540 1205 2609 ratio

104 2691 108 2703 ·
164 2669 203 2730 et
219 2657 413 2751 composita
430 2656 599 2728 medendi
617 2659 819 2729 methodus,
871 2659 1097 2755 Quapropter
1125 2659 1207 2736 Gu-

157 2790 251 2854 ‘tetto
270 2806 312 2852 cx
332 2781 480 2851 dimidia
503 2794 605 2875 parte
628 2784 879 2877 dogmaticus,
897 2808 948 2880 -ex
967 2785 1079 2857 altera
1097 2798 1207 2881 parte
1270 2818 1276 2831 ·

98 2964 101 2970 .
162 2905 354 3000 empiricus
376 2904 541 2976 habetur.
957 2922 959 2926 “
1089 2991 1092 2996 .

211 3029 473 3101 Enasrsrnrrus
502 3054 544 3100 er
573 3031 713 3103 theoria
742 3043 780 3109 et
808 3032 1119 3105 venaesectionam
1146 3060 1210 3109 re·

159 3152 334 3249 probarit
350 3164 389 3223 et
418 3152 608 3224 catharsin.
663 3156 829 3226 inediam
853 3179 939 3227 vero
970 3157 1208 3254 strictamque

165 3276 320 3347 diaetam
348 3274 627 3359 commendavit,
652 3278 785 3373 quibus
813 3280 1022 3374 sanguinem
1041 3303 1085 3349 ex
1110 3267 1211 3353 arte·

164 3398 228 3471 riis
249 3399 296 3467 ‘in
314 3421 434 3504 ¹uenas
457 3401 625 3470 'revocari
656 3426 759 3495 posse
789 3404 956 3498 opinatus
986 3413 1050 3473 cat.
1110 3404 1209 3477 Tum

165 3547 310 3618 quoque
342 3546 451 3601 venas
472 3522 576 3616 ligari
596 3523 730 3609 voluit,
754 3552 800 3599 ne
830 3528 969 3598 scilicet
992 3529 1138 3620 sanguia
1163 3554 1210 3602 ex

157 3649 211 3731 ¹iis
239 3645 324 3718 terri
346 3659 466 3740 posset
485 3647 523 3716 in
542 3651 700 3722 arterias.
748 3650 886 3723 Inedia
901 3651 996 3723 enim
1013 3661 1053 3721 et
1069 3651 1210 3744 ligatuf
1232 3739 1239 3747 .

166 3772 216 3839 ric
252 3742 561 3843 venaesectionem
600 3797 898 3866 supervacaneam
924 3773 1013 3844 ¹lieri
1040 3779 1208 3851 censuit.

167 3891 360 3983 ¹Praeterea
386 3896 545 3991 corporis
565 3899 752 3981 exercitia,
779 3880 963 3985 frictiones
984 3909 1022 3969 et
1045 3875 1218 3981 remedia

158 4028 314 4091 ‘externa
331 4002 540 4113 praesertim
559 4020 724 4094 adhiberi
746 4024 867 4118 jussit.
910 4023 963 4093 ln
989 4032 1101 4119 'quam
1126 4025 1213 4119 qui·
