2566 5040
176 115 424 180 mausona
441 112 522 172 noc
539 93 727 173 taurona
739 103 1010 173 armannum.
1090 109 1142 171 rar

101 292 166 365 fuit
181 293 385 374 Auaaosms
400 293 584 371 Panisos,
609 286 781 368 Francus,
806 283 969 357 medicus
984 286 1140 387 primum
1199 284 1201 297 ⁴

98 416 305 495 castrensis,
340 415 472 485 deinde
501 413 688 504 chirurgus
711 414 750 480 in
775 411 857 481 aula
886 412 985 506 regia
1010 413 1149 510 prima-p

96 541 188 624 rius,
226 541 292 633 qui
323 538 391 609 sub
422 536 578 633 qua'tuor
610 534 748 609 Gall-iae
781 535 926 627 regibus
958 534 1141 627 stipendia

94 665 230 737 meruit
240 662 413 755 aditoque
426 660 472 732 de
485 661 667 753 chirurgia
684 683 809 754 opere,
826 659 1023 753 longaevae
1034 685 1139 754 expe-
1229 686 1231 690 ·
1259 732 1263 737 ,

91 789 259 861 rientiae
272 806 444 859 summam
463 785 667 878 posteritati
686 784 912 856 consecrarit
928 785 1141 880 'optimoque

90 916 177 1010 jure
216 911 303 982 artis
334 908 405 979 hoc
433 920 593 1002 tempore
619 908 833 979 reformator
848 891 1038 980 dicendus
1074 922 1140 981 est.

94 1039 133 1109 Is
158 1037 200 1134 in
230 1034 318 1106 belli
347 1055 472 1127 campo
506 1035 696 1104 institutus
724 1043 810 1104 ante
839 1031 909 1102 alia
936 1030 1141 1126 chirurgiae

93 1159 214 1256 capita
237 1155 483 1252 gravissimum
503 1157 595 1227 illud
611 1157 659 1229 de
683 1157 894 1230 vulneribus
915 1159 1069 1229 maxime
1096 1132 1143 1229 il-

92 1282 282 1359 lustravit:
318 1304 426 1374 porro
462 1282 624 1352 ulcerum
656 1280 896 1354 curandorum
928 1281 1141 1354 methodum

97 1409 251 1483 correxit
267 1429 312 1477 ac
328 1402 487 1500 deniqne
500 1401 707 1486 herciarum
725 1405 1003 1502 therapeuticen
1018 1429 1143 1492 emen·

98 1534 198 1612 davit
219 1530 426 1628 plurimum.
486 1624 488 1630 Χ

20 1748 25 1755 Ι
139 1658 197 1731 Ex
215 1657 330 1750 hujus
351 1655 581 1728 institutione
601 1654 736 1749 prodiit
759 1654 1142 1739 Jsc.·Gu1msmv1us.
1247 1645 1249 1649 ⁸

10 1812 14 1829 ÷
101 1783 212 1883 clarus
234 1780 322 1852 clari
345 1779 416 1852 viri
437 1779 655 1874 discipulus,
679 1781 744 1875 qui
766 1782 867 1853 edito
888 1781 935 1853 de
956 1781 1143 1874 chirurgia

100 1929 233 2003 opere‚·
262 1905 505 2001 praeceptoris
540 1904 742 1976 doctrinam
776 1905 1036 2000 interpretatus
1070 1893 1153 1977 est(

10 2022 13 2041 '
99 2029 157 2105 Ab
176 2055 223 2104 eo
242 2028 328 2101 inde
358 2042 516 2123 tempore
543 2029 638 2099 iuter
666 2029 831 2124 Europae
857 2031 1043 2124 chirurgos
1066 2031 1140 2125 pri-

92 2175 171 2230 mas
193 2167 346 2228 tenuere
371 2154 508 2227 Franci.
557 2151 604 2249 Id
621 2153 721 2248 quod
749 2177 832 2224 cnm
855 2156 1015 2249 ipsorum
1040 2136 1143 2249 ingo.

85 2283 157 2355 nio
176 2281 225 2354 ad
242 2275 461 2374 chirurgiam
473 2289 577 2360 nato,
604 2288 681 2348 tum
697 2276 832 2349 crebris
852 2278 899 2347 ab
916 2278 987 2348 hoo
1003 2281 1139 2373 populo

78 2378 198 2480 bellis
230 2403 357 2500 gestis,
390 2403 548 2498 denique
579 2400 775 2494 privilegiis
808 2404 919 2472 etiam
950 2400 1040 2471 huic
1070 2403 1141 2473 arti

66 2527 133 2604 im
162 2530 294 2623 Gallia
312 2527 490 2601 concessis
519 2526 708 2597 maximam
733 2536 875 2619 partem
905 2523 1141 2596 tribuendum

65 2649 347 2727 arbitramur·¹
644 2731 647 2740 f
1055 2727 1059 2736 ,

23 2818 29 2829 ·
138 2780 380 2863 Haecautem
393 2777 597 2872 privilegia,
623 2801 666 2846 er
684 2799 756 2870 quo
780 2787 942 2870 tempore
962 2775 1142 2871 chirurgio

52 2921 262 2979 concessa
290 2914 393 2983 sunt,
417 2913 603 2996 perpetuo
635 2923 717 2971 cum
744 2900 896 2971 medicis
921 2901 967 2972 de
996 2903 1142 2998 imperii

52 3042 240 3131 summa
254 3025 463 3121 pugnabant
496 3026 664 3118 chirurgi.
714 3026 761 3096 Hi
786 3001 924 3097 scilicet
957 3049 1062 3122 aegre
1086 3026 1143 3098 se·

46 3149 221 3224 rebant
242 3150 530 3229 barbitonsorum
549 3151 663 3223 multa
685 3149 754 3221 sibi
781 3150 1030 3245 chirurgorum
1053 3126 1141 3246 jura

52 3275 337 3371 arrogantium
380 3274 592 3370 superbiam.
660 3274 974 3348 Barbitonsoribus
1016 3290 1144 3362 contra

59 3391 243 3473 favebat
263 3400 415 3472 facultas
441 3399 583 3469 medica
610 3424 763 3495 eumque
786 3399 832 3471 iis
855 3399 983 3470 foedus
1014 3415 1142 3475 contra

69 3517 280 3620 chirurgos
304 3525 431 3596 inibat.
485 3525 616 3596 Postea
646 3548 732 3596 vero
758 3549 835 3595 sese
863 3525 903 3596 in
931 3524 1143 3601 libertatem

70 3633 324 3722 vindicarunt
348 3649 506 3742 chirurgi
530 3648 645 3743 iisque
664 3673 767 3743 peres
793 3673 875 3721 cum
899 3651 1050 3724 medicis
1077 3656 1142 3728 tri·
1193 3706 1197 3716 -

77 3755 174 3844 buti
186 3787 294 3871 psunt
324 3774 498 3857 honores,
525 3773 563 3881 iu
583 3773 850 3848 detrimentum
879 3777 1031 3848 maxime
1061 3780 1148 3854 Rei·

798 3922 800 3927 ·
924 3897 965 3958 ll¹
1010 3892 1014 3900 ’
