2550 5040
190 386 195 393 ’
310 410 313 416 ·
436 398 782 466 roeraourt.
928 393 1126 457 ru

236 582 381 678 agnovit
400 642 403 646 r
419 581 667 677 indicavitque
693 598 891 673 corporum
926 567 1128 645 virentium

236 706 446 785 affinitatem
477 707 806 798 cognationemque.

112 831 202 912 111.
238 832 350 904 Simul
378 829 545 922 indagato
575 828 733 920 practico
767 825 927 919 ejusdem
960 821 1130 917 principii

236 978 305 1025 usu
317 952 517 1022 medicinae
530 950 757 1021 methodicae
774 947 984 1018 recentioris
1004 956 1129 1017 auctor

236 1077 383 1149 exstitit.

95 1256 98 1261 -
137 1202 202 1277 lv.
237 1199 358 1294 Quum
376 1221 461 1270 vero
481 1222 558 1270 cam
584 1198 758 1268 duntaxat
782 1196 879 1268 ritae
902 1195 1030 1266 faeiem
1053 1193 1135 1264 ani·

235 1348 294 1396 mo
315 1321 645 1415 comprehenderit,
668 1344 836 1415 quaeres
863 1332 1026 1390 externae
1051 1340 1131 1412 spe·

159 1460 162 1464 ’
235 1458 331 1529 ctat,
357 1447 503 1550 alteram
524 1445 698 1540 neglexit,
724 1458 817 1539 qnae
842 1448 956 1517 vitam
978 1442 1134 1536 organis·

237 1573 287 1642 mi
309 1572 485 1641 internam
510 1570 784 1663 contemplatur.

97 1772 101 1781 ,
157 1693 203 1768 V.
238 1695 363 1789 Neque
389 1695 497 1764 etiam
529 1692 782 1763 animadvertit
813 1693 1031 1787 singularum
1056 1714 1135 1786 par·

215 1794 331 1890 'tium
346 1793 596 1888 ‘conditionem
622 1816 756 1886 variam
785 1818 998 1910 saepiusque
1024 1822 1136 1910 op'po-

240 1942 360 2013 eitam:
381 1934 419 2011 e't
438 1940 551 2010 solum
572 1939 669 2009 vitae
688 1951 864 2031 quantum
884 1952 1071 2035 reputans,
1088 1963 1136 2010 cx

241 2064 349 2135 rebus
373 2061 621 2156 inaequalibus
652 2084 841 2133 numerum
869 2037 1137 2135 arithmeticum

239 2188 409 2281 vitaeque
434 2207 606 2256 summam
632 2183 760 2255 confici
789 2210 916 2281 posse,
950 2211 1137 2284 perperam

241 2312 407 2406 opinatus
427 2321 493 2380 est.
967 2304 986 2382 s
1090 2305 1092 2310 ’

140 2437 207 2514 VI.
241 2437 325 2530 Ipse
352 2435 391 2504 in
419 2432 557 2527 republ.
592 2433 1005 2507 medica'rnbvertendn
1029 2437 1136 2529 genio

241 2558 352 2631 recoli
370 2557 518 2638 ductus,
544 2556 758 2627 medicinam
781 2558 826 2628 ab
844 2546 1000 2629 aliarum
1021 2561 1136 2631 acien-
1235 2638 1241 2653 .

240 2682 371 2752 tiarum
389 2693 633 2774 ‚veterumque
652 2680 811 2752 dominio
830 2694 1017 2755 auctorum
1032 2682 1073 2752 in
1089 2682 1134 2752 li·
1194 2754 1195 2758 ,
1269 2716 1273 2727 ·

240 2799 417 2877 bertatem
441 2804 649 2878 vindicavit.

389 3098 395 3107 .
475 3101 762 3130 ψ

96 3317 383 3380 DOCTRINAE
401 3321 461 3378 DE
479 3322 893 3394 ELECTRICITATE,
916 3320 1134 3380 curura}

96 3486 100 3493 ,
137 3423 466 3484 REFORMATAE
493 3427 553 3483 ΕΤ
579 3424 854 3487 BOTANICES
882 3425 932 3484 IN
959 3428 1097 3485 ΜΕΝ·

179 3527 329 3587 cluam
353 3528 688 3589 EXCOLENDAM
714 3530 1049 3590 EFFICACITAS.

546 3689 580 3755 A.
602 3688 685 3752 1790.

98 3976 103 3985 ·
148 3935 496 4022 Incitnbilitatem,a
513 3941 682 4016 Bnowmo
698 3955 878 4041 tamquam
893 3966 1066 4016 summum
1081 3944 1136 4016 in·
1235 3972 1240 3983 ·

96 4063 557 4160 terpretandiprincipium
584 4069 761 4162 positum,
786 4067 956 4170 deinceps
981 4070 1134 4144 ulterior
