2566 5040
141 379 182 441 m
399 371 400 375 ‘
502 380 820 444 *cronius
948 360 958 373 ”

139 537 197 650 ta;
222 559 291 658 alia
315 557 520 630 animalium
543 560 817 655 sanguineorum
846 558 1074 658 hominisque
1098 582 1213 660 pron·—

136 689 235 786 pria:
269 685 434 777 sanguis,
470 685 603 776 pituita
634 697 671 756 et
700 685 782 755 bilis
813 698 996 780 utraqne3
1024 713 1180 783 quornm

42 787 44 793 Ι
137 814 399 899 elementorum
413 808 511 878 raria
525 807 564 878 in
580 810 687 880 variis
702 809 905 880 hominibus
919 813 1181 908 compositione

71 918 79 930 ⁹
134 937 335 1012 nascuntur
363 940 661 1024 temperamenta,
693 956 845 1026 quorum
875 910 1176 1027 perfectissimum

138 1060 320 1154 exemplar
335 1061 490 1151 εὐκρασία,
514 1057 736 1150 ut·corporis
760 1053 917 1149 organici
934 1049 1106 1154 copprrpr‘e
1113 1060 1177 1131 ha·

44 1174 75 1224 '¹
135 1187 245 1259 betur
271 1207 437 1280 quaeque
463 1204 538 1251 non
565 1160 774 1249 communiri
803 1190 942 1252 tantum
976 1185 1175 1268 intuendo,

135 1309 201 1384 sed
220 1309 278 1383 rel
292 1307 442 1378 maxime
466 1304 609 1400 propria
628 1317 908 1397 cognoscuntur:
933 1319 977 1379 ut
992 1308 1039 1379 ad
1058 1309 1180 1380 homi·

134 1455 200 1508 nes
225 1432 400 1527 singulos,
426 1428 472 1498 ad
494 1426 649 1522 singulas
672 1440 827 1514 aetates,
853 1431 899 1502 ad
919 1431 1075 1526 singulas
1094 1457 1188 1527 per·

40 1606 42 1611 ·
132 1574 207 1644 tes,
232 1558 278 1629 ad
299 1558 377 1652 ipsa
397 1552 555 1648 denique
577 1551 813 1624 medicamina
830 1555 968 1649 singola
987 1555 1182 1630 transferri

74 1726 96 1753 -,
133 1684 277 1757 debeat.
325 1679 405 1751 Jom
422 1701 508 1752 vero
531 1700 606 1747 non
625 1685 764 1759 tantum
781 1657 937 1771 eorporis
961 1681 1180 1774 compositio

133 1800 179 1882 ex
193 1805 400 1893 elementis,
425 1825 549 1874 verum
570 1801 678 1871 etiam
697 1824 739 1870 ex
758 1799 1009 1874 instrumentis
1024 1803 1174 1887 horum,-

130 1960 203 2034 que
233 1957 321 2004 usus
348 1912 636 2023 cognoscendus,'
667 1935 761 2019 quae
788 1930 833 1995 ut
863 1905 1002 1999 animae
1039 1929 1173 2002 instru-

100 2101 102 2104 ·
131 2069 254 2131 menta
279 2067 382 2135 sunt,
407 2051 459 2120 ita
481 2050 569 2122 huic
593 2043 774 2145 hujusque
800 2048 915 2121 indoli
938 2053 1176 2147 respondent..

67 2265 72 2273 x
131 2181 194 2255 Sic
216 2201 344 2273 corpus
365 2175 562 2246 humanum
582 2185 750 2270 tanquam
774 2174 912 2246 animae
930 2177 1116 2249 rationalis
1132 2188 1173 2251 et
1197 2216 1200 2227 ·

130 2304 259 2379 domus
279 2312 318 2373 et
346 2300 625 2370 instrumentum
648 2296 884 2369 fabrefactum
908 2311 982 2370 est:
1017 2302 1187 2398 ipseque·

126 2424 254 2510 homo,
269 2437 324 2497 'ut
343 2423 424 2495 loeo
457 2424 647 2494 instinctus
672 2422 866 2505 rationem,
899 2424 951 2495 sic
975 2424 1057 2496 loco
1072 2425 1172 2513 'alios

127 2574 208 2622 rum
224 2549 542 2620 instrumentorum
560 2565 705 2618 manum
720 2528 849 2619 nactus
868 2560 933 2619 est.

184 2674 397 2751 Gubernant
414 2733 416 2739 .
433 2673 565 2744 animal
602 2683 673 2743 tres
702 2671 836 2743 diversi
875 2673 1016 2767 generis
1050 2675 1167 2750 vires:

123 2799 302 2898 quaedam
339 2797 540 2868 necessaria
569 2795 615 2867 ad
645 2796 901 2880 nutritionem
932 2823 1026 2894 qnae
1057 2799 1170 2894 jecur

122 2950 189 3022 pro
207 2924 308 2996 fonte
326 2921 453 2993 hahet:
480 2921 579 2993 unde
600 2945 713 2994 venae
733 2946 797 3017 per
814 2931 1076 3026 totum'corpus
1092 2925 1180 2999 dis·⁴

55 3029 61 3039 ’
121 3051 299 3135 tributae;
338 3048 450 3117 altera
483 3071 556 3117 non
584 3047 681 3117 omni
717 3045 819 3128 viro,
854 3047 918 3119 sed
946 3048 1168 3124 animalibus

119 3152 281 3271 propria,
314 3171 354 3241 in
383 3171 490 3241 eorde
523 3173 676 3253 residet,
707 3172 832 3242 caloris
863 3171 983 3254 fonte,
1019 3199 1062 3246 ex
1089 3199 1172 3269 quo

118 3294 273 3369 arteriae
291 3307 489 3396 nascuntur
509 3292 641 3385 (anima
658 3296 792 3388 vitalis)
815 3296 941 3413 tertia,
967 3299 1084 3375 anima
1105 3323 1169 3370 ra·

117 3423 281 3506 nonalis,
306 3422 345 3492 in
375 3418 522 3513 cerebro
545 3419 729 3504 habitans,
762 3446 856 3517 quoe
875 3425 995 3494 nervis
1022 3424 1166 3508 utitur,

117 3571 260 3619 sensum
284 3559 495 3640 motumque
516 3568 579 3640 per
603 3546 669 3617 hos
695 3547 733 3617 in
753 3558 870 3619 totum
889 3548 1020 3620 animal
1040 3559 1175 3622 trans·-

114 3674 272 3743 mittens.

163 3799 241 3867 Hoc
256 3808 377 3868 antem
397 3797 535 3868 animae
550 3795 828 3889 instrumentum
852 3810 889 3869 et
909 3797 1163 3872 habitaculum

114 3922 340 4012 cognoscitur
362 3932 438 3994 arte
463 3924 679 4003 anatomioa,
705 3924 777 4018 qua
798 3924 1057 4018 singulae-ejus
1075 3948 1165 4018 par·

16 4086 20 4101 r
113 4053 169 4114 tes
192 4043 389 4117 lustrantur
419 4070 554 4142 perque
588 4070 668 4118 eam
693 4048 771 4119 loca
800 4047 933 4122 affecta
959 4047 999 4118 in
1022 4049 1188 4124 morbis·
