2566 5040
273 397 490 463 omnnnon
511 400 563 459 ra
582 376 843 463 oisssaercm
862 405 1022 466 nenmr.
1120 399 1184 468 aas

180 575 243 649 Est
262 587 383 648 antem
404 575 442 647 in
463 577 518 646 his
538 577 703 648 omnibus
723 577 818 650 idem
840 579 1080 674 physiologiae
1097 593 1172 654 stu·

130 699 232 772 dium
252 700 501 771 manifestum:
533 703 584 772 ita
609 713 747 781 tamen,
777 713 819 773 nt
850 703 1182 797 propaedeuticae,
1270 694 1277 709 ⁸

87 814 90 819 ’
129 847 221 918 quas
247 836 379 895 vocant
404 826 597 907 scientiae,
621 849 695 895 non
722 824 965 918 negligantur,
993 827 1056 897 sed
1082 827 1172 921 phy·

128 947 224 1027 sica,
251 946 408 1042 chymia,
434 948 622 1032 botanice,
656 949 816 1041 coologia
837 949 876 1018 in
902 973 1010 1020 unam
1039 956 1172 1023 coeant

96 1164 101 1177 .
127 1082 281 1143 naturae
296 1074 498 1167 organicae
528 1073 739 1154 scientiam,
764 1095 872 1166 quam
896 1072 972 1144 sire
989 1073 1171 1167 physiolo·
1192 1134 1202 1165 Α,

126 1192 246 1290 giam
274 1195 350 1268 sire
375 1196 510 1269 rectius
533 1196 726 1290 biologiam
753 1197 842 1268 velis
869 1194 1071 1290 adpellare,
1095 1221 1169 1292 qno

111 1318 242 1412 ‘magis
263 1319 426 1391 excolant
453 1319 655 1393 medicinae
676 1317 852 1404 cultores,
878 1343 922 1391 eo
943 1320 1089 1414 propius
1111 1345 1179 1391 ac-¹

125 1440 260 1527 cedent
280 1441 326 1516 ad
337 1467 446 1526 eam,
461 1468 570 1538 qnam
589 1445 745 1539 optimus
762 1444 915 1540 quisque
930 1441 998 1516 sibi
1018 1442 1169 1516 marimo

126 1577 292 1661 exoptat,
315 1562 579 1666 philosophiam
596 1579 757 1640 naturae.
794 1616 799 1633 ι
1155 1553 1156 1556 “

570 1829 731 1863 -0—
743 1827 746 1830 ⁴

169 2031 368 2090 annrcnm
388 2030 550 2092 trimos.
568 2066 607 2081 ..
626 2032 907 2093 ntonerrsnos
927 2031 1120 2124 irrasus.

575 2199 611 2255 s.
637 2184 719 2256 1779ss

181 2441 396 2514 Medicinam
417 2445 605 2537 quandem
632 2449 804 2543 magicam
831 2449 878 2519 ab
906 2447 1056 2542 antiquo
1081 2445 1166 2517 inde

122 2591 212 2640 aevo
232 2567 427 2647 exstitisse,
447 2567 598 2639 historia
612 2573 719 2641 testis
739 2583 804 2642 est.
839 2574 936 2641 llaec
955 2571 1076 2640 seculo
1090 2593 1168 2639 me·

122 2691 185 2777 dio
204 2692 328 2785 vigens
346 2702 385 2763 et
402 2690 531 2762 florens
556 2691 665 2764 etiam
682 2705 768 2787 post
785 2705 926 2764 renatas
950 2694 1088 2764 litteras
1109 2715 1167 2763 ca-

77 2898 81 2905 ,
119 2828 188 2911 put
203 2817 350 2898 extulit,
375 2840 397 2886 a
417 2815 472 2887 Jo.
489 2816 601 2886 Bana.
618 2819 744 2888 Poers
763 2820 801 2888 in
821 2782 995 2888 scientiae
1016 2817 1166 2889 formam

121 2940 269 3012 redacta
276 2966 286 3028 3
298 2939 443 3012 tandem
458 2940 587 3012 Seculo
597 2941 736 3014 XVIII.
763 2955 935 3013 renovata
951 2954 1005 3012 est
1017 2942 1063 3013 ab
1075 2941 1166 3014 ΑΜ.
1196 2930 1200 2938 ’

122 3064 294 3147 dissaert,
318 3065 460 3136 medico
477 3065 693 3147 Viennensi,
714 3068 795 3162 qui,
817 3065 1019 3160 conscripta
1036 3065 1167 3137 disser-

120 3189 274 3258 tatione:
300 3189 343 3259 de
357 3193 398 3260 oi
407 3190 695 3284 planetarems‘c
713 3199 844 3286 corpus
863 3190 1070 3272 temanum,
1092 3190 1167 3263 vim

119 3310 357 3404 magneticam
376 3312 559 3385 vinculum
570 3315 717 3394 hebuit,
738 3338 812 3409 qno
824 3336 971 3406 corpora
983 3313 1166 3385 terrestria

118 3446 159 3506 et
184 3433 341 3506 humana
362 3437 587 3530 potissimum
613 3460 695 3508 cum
716 3436 926 3530 corporibus
947 3437 1171 3533 coelestibus,

118 3570 309 3641 tenentur:
334 3558 489 3632 fluidum
509 3561 605 3631 enim
625 3563 867 3656 magneticnm
894 3560 990 3633 idern
1012 3560 1090 3643 e'sse
1110 3573 1167 3633 at-

116 3706 191 3778 que
202 3683 430 3768 electricum,
455 3697 499 3756 ut
512 3685 582 3756 hoc
599 3685 637 3756 in
652 3709 799 3780 corpore
812 3685 1030 3756 accumulari
1047 3708 1165 3781 eoque

115 3809 268 3902 quaevis
296 3830 445 3901 corpora
468 3809 582 3879 imbui
598 3811 720 3903 possit
769 3811 942 3881 Affirmat
955 3810 1169 3892 Memmios,

116 3930 194 4003 sola
218 3954 257 4002 se
277 3933 463 4004 voluntate
483 3934 521 4004 in
534 3934 652 4026 ¹aegris
670 3959 774 4029 posse
796 3934 1044 4029 phaenomena
1069 3959 1167 4030 mag·

115 4056 238 4132 netica
253 4079 460 4151 provocare.
503 4057 754 4153 Capacitatem
772 4071 893 4132 autem
913 4034 977 4155 pro
995 4057 1066 4130 hoc
1084 4057 1167 4132 liui-

129 4169 135 4178 ’
946 4177 980 4239 19
