2566 5040
336 385 526 446 SGEOLA
551 383 893 485 nnttntcotttmt·
1000 453 1002 456 ⁸
1093 377 1138 445 U

86 559 319 654 perimentis,
354 561 540 653 erptsrrta
574 552 733 656 denique
772 560 942 643 retinuit,
984 555 1135 653 rejectis

85 684 260 780 reliquis:
288 706 363 756 non
392 683 614 780 amplificans
637 684 767 777 igitur,
801 683 866 758 sed
894 684 1039 756 firmam
1062 680 1133 753 sei·

82 809 239 883 entiamt

137 933 329 1005 Caeterum
355 954 452 1026 qnae
480 932 638 1025 primum
668 930 853 1004 rationalis
878 930 997 1003 iuerat
1022 954 1065 1002 uc
1085 929 1132 1002 li·

86 1055 222 1128 berulis
258 1055 513 1149 empiricorum
547 1056 748 1137 medicina,
782 1057 875 1126 abiit
913 1056 1058 1127 undem
1090 1055 1132 1126 in

86 1179 336 1275 empirismum
371 1179 518 1251 rudemz
561 1181 667 1276 cujus
699 1178 895 1275 primordia
923 1179 1001 1272 jam
1033 1177 1133 1274 apud

87 1304 227 1400 priseos
255 1304 447 1398 empiricos
481 1303 665 1388 latebunt,
696 1303 876 1399 specificis
903 1301 1065 1374 immudis
1092 1313 1136 1376 et

87 1426 260 1500 remediis
286 1426 438 1498 nimium
452 1427 676 1526 ¹tribuentes.
729 1429 839 1510 Nam,
869 1424 1137 1520 utdogmatir·

88 1577 172 1624 mus
186 1553 227 1623 in
244 1552 477 1647 sophisticam
494 1552 731 1624 subtilitatem
750 1554 967 1648 degenerat,
989 1550 1042 1621 sie
1061 1572 1136 1621 em·

86 1678 259 1774 pirismus
285 1674 327 1746 in
351 1687 554 1769 agyrtarum
584 1677 735 1748 inclinat
763 1677 1022 1748 temeritatcmz
1060 1698 1135 1770 qno

89 1801 247 1883 accidit,
264 1811 307 1872 ut
323 1798 489 1893 empirici
500 1800 637 1872 suerint
653 1801 800 1900 tandem
817 1776 1134 1893 pharmacopolae,

89 1924 327 1998 formularum
345 1924 615 1995 medicinalium
638 1923 802 2019 opifices,
823 1923 956 1995 medici
976 1924 1135 2019 deniqne
1231 2014 1234 2024 Ι

88 2046 346 2129 circulatores,
388 2046 676 2120 circumforanei.
742 2049 870 2144 Neque
909 2049 1022 2120 aliter·
1057 2047 1135 2120 tere

86 2170 172 2243 fieri
188 2171 337 2266 potnit..
368 2171 545 2243 Nimirum
572 2174 642 2243 tria
666 2146 769 2245 etant
794 2172 927 2245 haecce
952 2196 1048 2267 qnae
1073 2195 1139 2242 cu··

85 2294 221 2367 rabant
243 2295 427 2390 empirici,
463 2319 607 2369 caussas
633 2299 840 2378 evidentes,
875 2270 1137 2392 symptomata,

85 2417 259 2492 remedia.
307 2420 395 2492 Illos
418 2431 540 2490 antem
557 2444 717 2504 caussas,
741 2444 861 2517 neque
883 2422 993 2493 etiam
1016 2445 1134 2516 symp·
1164 2408 1167 2413 ’

88 2552 230 2615 tornata
253 2544 346 2616 tanti
375 2543 594 2637 putavisse,¹
612 2548 740 2638 quanti
776 2547 951 2627 remedia,
982 2546 1060 2640 jam
1078 2548 1138 2616 'ea

87 2664 297 2737 declaratur
327 2669 487 2763 ipsorum
516 2671 714 2749 scatentia,
739 2693 855 2763 ¹quam
886 2669 992 2738 nobis
1018 2691 1139 2738 serrae

86 2789 145 2860 vit
163 2788 312 2862 Cassum
335 2816 411 2864 non
436 2793 609 2867 interesse
627 2795 718 2891 quid
738 2794 903 2865 morbum
919 2792 1045 2875 iaciat,
1071 2789 1136 2863 sed

82 2911 178 3007 quid
205 2914 322 2986 tollat.

109 3072 117 3081 ·
137 3038 245 3132 Quod
260 3038 289 3109 si
302 3040 500 3135 cogitemus
513 3041 714 3134 neglectam
736 3043 975 3117 lerocnrtrts
985 3048 1138 3133 nptmt

88 3174 293 3256 separatam
317 3164 554 3238 edicetetice
579 3166 914 3260 pharmaceuticen,
946 3162 1138 3238 florentem

87 3284 165 3358 hae
177 3299 297 3360 aetate
321 3291 569 3383 toxicologiam
587 3301 624 3360 ct
649 3291 909 3374 theriaeorum,
936 3290 1137 3390 alexipharae

84 3433 290 3496 macornm,
336 3414 579 3515 antidotorum
613 3417 939 3509 componendorum
975 3416 1135 3491 studium

85 3541 301 3629 praesertim
328 3540 527 3618 excultum,
563 3520 637 3609 non
671 3541 896 3636 mirabimur,
922 3538 1051 3634 spretis
1077 3561 1134 3609 reu

82 3658 198 3753 liquis
222 3662 408 3734 doetrinae
438 3663 598 3732 medicae
617 3664 796 3756 parti-bue,
822 3667 929 3736 solam
955 3664 1131 3736 duntaxat

84 3784 277 3855 materiem
294 3788 471 3857 medicam
490 3810 632 3857 curasse
658 3789 846 3881 empiricos
863 3799 901 3858 et
919 3788 1014 3858 circa
1035 3788 1132 3858 hano

65 3998 69 4007 ¹
81 3909 283 4011 praecipue
312 3913 470 4002 ipsorum
501 3911 632 4005 scripta
660 3914 812 3985 versari:
851 3937 946 4009 quae
977 3913 1130 4007 scripta,

83 4053 166 4107 rem
198 4035 510 4143 animadvertente
544 4039 740 4110 recentiori
761 4037 809 4121 de
838 4036 988 4110 historia
1017 4036 1133 4112 medi-
