2566 5040
118 351 160 418 δῦ
397 350 885 415 ul-Procaarrcr.

122 530 310 602 sufficiant
337 527 520 620 Quaedam
539 530 586 600 de
602 530 863 622 interpretandi
880 528 1019 598 ratione
1039 528 1170 601 dicen-2

123 655 170 725 da
189 633 390 748 supersunt.
438 654 485 724 In
505 677 583 723 eam
602 653 693 723 illud
712 654 922 745 praesertim
940 653 1166 725 animadver-

122 779 271 850 tendum
284 787 357 855 est,
374 777 472 871 quod
484 800 577 870 quae
591 776 631 846 in
645 774 790 845 homine
809 775 902 845 fiunt
909 744 975 857 ,vex
984 776 1048 856 iis,
1068 801 1167 872 quac

121 903 215 972 fiunt
235 901 420 994 inplantis
439 911 477 970 et
494 899 723 979 animalibus,
749 899 923 992 explicaro
936 902 1057 971 conati
1069 913 1166 974 sunt.

168 1029 248 1098 Hoc
268 1023 376 1094 modo
396 1024 633 1114 generationis
653 1022 837 1115 negotium
858 1022 1037 1094 illustrare
1058 1026 1165 1096 semi-

118 1176 206 1225 num
236 1122 493 1242 germinatione
526 1145 764 1240 arborumque
795 1146 1016 1216 incremento
1045 1159 1165 1224 touta-¹

14 1356 18 1364 ¹
116 1286 212 1347 runt.
274 1271 364 1341 Nam
405 1268 707 1361 quomadmodum
753 1294 796 1340 er
838 1283 933 1340 terra
974 1270 1163 1340 nascentia

99 1398 239 1470 -omnia
268 1381 406 1465 vivere
421 1415 464 1460 ex
490 1401 607 1461 terrae
638 1393 787 1464 humore
816 1406 854 1464 et
883 1393 1027 1487 qualem
1065 1406 1163 1464 terra

117 1523 305 1615 humorem
331 1517 370 1587 in
396 1539 434 1584 se
463 1513 596 1597 habet,
631 1518 738 1588 talem
770 1518 877 1587 etiam
907 1518 1170 1589 nascentiae!

12 1734 15 1739 ι
118 1648 195 1740 ipsa
211 1640 360 1712 ‚habere
391 1622 617 1736 censebanta
638 1641 688 1710 sie
720 1641 827 1712 etiam
857 1664 1009 1746 puerum
1035 1642 1164 1714 rivere

67 1844 70 1851 ,
96 1758 163 1840 lde
186 1778 300 1837 matre
318 1766 357 1834 in
381 1772 486 1833 utero
504 1773 542 1833 et
566 1763 665 1859 quali
686 1776 800 1835 mater
817 1764 982 1835 sanitate·
994 1765 1164 1858 praedita

6 1878 9 1884 ⁵
119 1906 193 1978 est,
219 1891 328 1963 talem
351 1888 460 1959 etiam
488 1887 622 1961 habere
651 1911 802 1980 puerum
821 1901 1059 1980 naturamque
1083 1913 1167 1959 om-

115 2041 199 2088 nam
231 2012 450 2087 consimilem
484 2032 561 2082 esse
595 2023 705 2082 etex
739 2024 834 2082 terra
863 2013 1091 2081 nascentium
1121 2023 1162 2083 et

23 2228 24 2232 Ἰ
115 2140 300 2211 hominurn
327 2146 554 2207 censuerunt.
603 2135 650 2205 Et
669 2136 768 2228 quod
790 2137 828 2204 in
851 2135 928 2205 ovis
949 2136 1165 2228 gallinarum

116 2287 160 2332 ac
178 2261 286 2356 pullis
310 2259 371 2340 fir,
396 2258 492 2328 idem
512 2259 592 2329 fieri
611 2259 648 2328 in
664 2259 795 2330 loetu.·
819 2260 907 2330 Nam
928 2261 1164 2354 quemadmo-

117 2386 202 2457 dum
215 2384 279 2454 ubi
297 2383 423 2453 deficit
433 2381 533 2477 pullo
545 2383 754 2467 alimentum
775 2409 817 2455 ex
832 2409 921 2466 ovo,
937 2408 1011 2454 non
1022 2384 1162 2490 habena

115 2493 219 2587 satis,
253 2506 351 2577 unde
376 2504 494 2587 vivat,
520 2482 662 2578 lortiter
688 2520 854 2579 movetur
880 2511 918 2579 in
946 2533 1033 2590 ovo,
1066 2506 1161 2580 ub'e·

115 2632 190 2702 rius
208 2631 418 2701 alimentum
433 2653 609 2725 quaerens
624 2643 662 2701 et
675 2634 864 2728 pelliculae
875 2635 1008 2705 circum
1023 2633 1163 2704 dirum·

115 2767 252 2851 puntur
271 2767 308 2825 et
329 2755 392 2824 ubi
408 2765 523 2826 mater
544 2756 654 2826 sensit
670 2758 806 2850 pullum
829 2758 1063 2830 vehementer
1080 2782 1163 2828 mo·

44 2883 47 2888 ’
116 2893 208 2973 tum,
236 2892 407 2973 putamen
422 2882 625 2974 exscalpens
642 2881 758 2975 ipsum
772 2883 950 2962 excludit,
975 2883 1026 2951 sic
1046 2884 1160 2954 etiam

115 3002 180 3073 ubi
206 3014 332 3097 auctus
365 3002 475 3074 luerit
504 3029 621 3098 puer,⁴
638 3018 752 3075 mater
778 3030 850 3075 non
875 3005 1026 3100 amplius
1056 3008 1160 3078 suffi-

116 3127 224 3222 ciens*
252 3124 460 3196 alimentum
503 3129 572 3223 ipsi
606 3129 775 3199 exhibere
811 3142 939 3223 potest.
1000 3129 1160 3203 Uberius

115 3251 225 3342 igitur
255 3262 442 3342 praesente
470 3254 678 3321 alimentum
707 3265 798 3344 puer
825 3278 1020 3348 quaerens,
1046 3257 1163 3326 calci·

115 3357 242 3442 trando
274 3374 459 3466 pelliculas
489 3376 664 3468 dirumpit
692 3389 729 3446 et
754 3402 775 3446 a
802 3378 947 3449 vinculo
973 3380 1159 3451 exsolutus

115 3498 219 3569 simul
247 3497 340 3568 foras
368 3497 498 3589 prodit.
553 3500 601 3569 Et
629 3501 827 3571 secundum
855 3503 950 3572 hanc
978 3503 1165 3574 rationem·

114 3624 221 3692 etiam
248 3621 439 3716 pecoribus
467 3646 509 3691 ao
535 3622 620 3692 seris
648 3636 769 3716 partus
800 3624 979 3702 advenit.⁴

163 3749 301 3839 Suppar
319 3747 579 3840 interpretandi
591 3748 682 3816 ratio
701 3749 810 3818 estin
827 3751 895 3818 libr
910 3751 956 3822 de
972 3763 1044 3822 nat.
1058 3752 1157 3824 hom.

114 3897 134 3940 u
150 3872 300 3951 Pituita,
326 3871 445 3965 inquit
465 3871 625 3941 hocloco
644 3884 769 3941 auctor
790 3874 976 3945 oonlerens
989 3853 1160 3968 'singulos-

114 3997 283 4069 humoras
300 4008 337 4068 at
350 3996 542 4069 humorum
557 3989 698 4070 morbos
717 4021 796 4067 cum
824 4000 908 4091 anni
932 3975 1156 4095 tempestati.
