2566 5040
137 374 213 437 2³5⁴
407 355 529 435 ‘anu
568 394 601 433 v.
639 336 946 438 annuens

135 551 248 619 iorem
276 550 402 642 majori
426 550 625 632 obscurari,
651 551 783 644 regerit
814 553 1020 632 Humanas,
1045 577 1085 624 se
1106 579 1174 629 non

137 673 294 743 irritasse
314 674 494 756 tendines,
519 677 727 768 prinsquam
746 676 876 744 animal
895 699 915 743 a
931 677 1055 747 dolore
1077 683 1173 772 prius

136 822 305 892 perpesso
320 821 464 891 prorsus
482 801 671 893 quieverit.
684 801 770 870 .Neo
787 823 917 892 negare
926 839 941 881 ,·
962 814 1083 892 partes
1099 829 1173 876 sen-

105 999 108 1004 ,
136 923 219 991 siles
235 919 515 992 inflammatione
532 921 610 991 ficri
627 921 925 1003 sensiliores,sed
935 922 1084 1016 negare,
1101 951 1173 1021 par-

135 1056 192 1117 tus
219 1047 488 1118 scnsuorbatas
517 1045 794 1116 inflammatione
815 1057 878 1116 aut
906 1046 1056 1119 aliorum
1084 1075 1172 1121 mor·

132 1163 261 1240 borum
292 1172 348 1255 ri,
373 1195 481 1267 quem
513 1181 620 1241 antea
647 1192 720 1238 non
751 1166 952 1251 habebant,
973 1174 1171 1267 ,acquirere

133 1267 292 1367 sensnm:
318 1321 421 1390 posse
438 1295 585 1393 quidem
602 1305 740 1387 partem
758 1292 901 1364 obscuri
916 1317 1041 1365 sensus
1052 1297 1169 1386 dolere

129 1418 405 1503 inflammatam,
432 1420 495 1490 sed
522 1441 595 1487 non
620 1440 723 1510 posse
745 1427 883 1509 partem
908 1417 1054 1501 dolere,
1079 1446 1168 1515 qnae

130 1545 247 1615 nullos
272 1569 399 1616 nervos
421 1542 552 1613 babet:
578 1564 664 1623 nec,
697 1540 795 1635 quod
823 1541 975 1612 subinde
1003 1541 1085 1615 fieri
1107 1569 1168 1638 po·

122 1679 227 1749 test,
261 1681 302 1737 ut
327 1669 436 1761 partis
466 1667 618 1760 alicujus
646 1665 748 1735 nervi
775 1647 1047 1757 opprimantur,
1058 1670 1108 1739 td
1132 1670 1167 1741 in

130 1792 295 1862 omnibus
316 1792 568 1886 experimentis
587 1790 753 1860 universe
771 1787 905 1860 iactum
923 1815 1020 1874 esse,
1045 1792 1166 1878 abac·¹

127 1941 201 2011 quo
226 1941 345 1987 rerum
365 1918 491 2012 judice
512 1914 617 1986 facila
639 1907 851 1983 affirmatum
872 1892 948 1984 iris

177 2041 224 2110 In
254 2067 316 2123 ea,
352 2066 445 2139 quae
472 2052 526 2109 est
548 2039 594 2110 de
621 2036 787 2132 partibus
814 2039 1069 2125 irritabilibus,
1095 2043 1163 2116 dis·
1210 2057 1213 2060 ’

126 2167 328 2257 putatione,
348 2168 526 2240 Wrrrrrn
546 2163 707 2233 rationes
723 2160 888 2263 pluribus
907 2168 1096 2240 contrariis
1114 2168 1165 2240 in·
1193 2178 1211 2230 s

120 2286 281 2380 {ringere
314 2302 473 2358 conatur.
532 2288 712 2358 Docuerat
749 2288 969 2393 Wurrrrus,
1005 2316 1027 2360 a
1063 2319 1164 2367 sensu
1203 2273 1220 2332 ⁴¹

124 2411 281 2502 separari
302 2436 375 2482 non
390 2424 555 2504 oportere
574 2410 864 2488 irritabilitatem.
915 2413 1056 2506 Objicit
1075 2420 1165 2490 Har,-

123 2555 251 2616 naaus,
276 2527 507 2618 musculum,
539 2530 642 2628 cujus
671 2559 804 2606 nervus
832 2536 964 2630 ligatus
990 2540 1059 2640 sit,
1092 2565 1163 2613 non

121 2659 403 2731 irritabititatem
442 2663 631 2740 amittere,
672 2659 735 2730 sed
771 2683 925 2733 sensum.
984 2664 1164 2737 Docuerat

119 2784 337 2864 Wflrrrrus,
369 2786 522 2854 animam
548 2784 667 2854 ubivis
696 2785 840 2854 sentire.
897 2784 1045 2878 Objicit¹
1067 2791 1162 2866 Har.

118 2927 249 2991 urrann,
282 2909 475 2979 absurdum
501 2932 601 2989 esse,
633 2911 672 2978 in
702 2909 864 3001 partibus
890 2913 1064 2995 resectis,
1098 2914 1160 3010 qui

31 3055 33 3058 ·
114 3036 304 3122 superest,
330 3045 467 3103 motum
486 3035 625 3103 animae
650 3033 871 3106 adscribere:
897 3059 966 3105 nec
986 3034 1057 3107 'sibi
1077 3061 1159 3108 con·

118 3165 213 3224 stare
235 3157 463 3236 Wnrrrrcn,
488 3158 656 3252 quicum
681 3153 767 3228 alibi
791 3162 951 3230 animani
966 3162 1065 3231 omni
1087 3185 1159 3233 cor·

41 3253 43 3258 Ι
114 3277 196 3368 pori
217 3280 333 3350 inesse
351 3281 499 3362 dixerit,
525 3307 623 3353 nunc
644 3281 726 3351 solis
748 3286 868 3355 nervis
886 3285 1001 3378 ipsam
1026 3287 1160 3357 tribue·

79 3424 81 3430 ⁴
117 3424 158 3471 re
187 3402 342 3474 ridetur.
400 3406 504 3476 Hanc
542 3419 664 3476 autem
697 3406 962 3480 Stahtiannrnm
997 3410 1044 3480 de
1086 3408 1159 3480 ani·
1187 3475 1189 3482 ,

7 3593 10 3601 ,
115 3548 176 3594 rna
196 3527 422 3622 opinionem,
449 3528 667 3598 incultorum
688 3529 873 3601 hominum
898 3556 974 3605 esse
999 3532 1162 3626 opinioni

115 3650 354 3742 persimilem:
390 3676 473 3723 nam
502 3651 733 3746 AEtbyopem,
768 3657 798 3725 si
822 3656 997 3750 horologii
1021 3670 1161 3727 motum

113 3789 306 3857 cerneret,
344 3777 433 3846 huic
467 3775 619 3846 animam
655 3777 899 3859 tributurum,
931 3805 1004 3874 qua
1038 3807 1160 3854 move·

116 3905 195 3977 tur,
230 3910 271 3969 ut
296 3885 484 3971 Stahtiurri.
503 3901 657 3968 animam
684 3904 822 3996 corpori
851 3905 1060 3999 quorumvis
1084 3931 1158 3976 mn.

118 4029 221 4092 tuum
245 4024 411 4118 opificem
431 4023 657 4119 praeficirmt.
708 4027 873 4123 Denique
906 4031 1160 4125 experimentis
