2550 5040
107 347 155 424 'tt
381 357 900 426 soronrsunuusrrconuu.

161 539 270 611 Hunc
293 547 440 609 secutus
453 549 521 610 ¹est
545 535 750 611 deseremus
778 535 967 634 ‘Apameae
992 535 1032 608 in
1058 540 1163 636 Syria

52 741 57 753 ,
111 675 241 752 nutus,
265 660 477 733 Romacsuh
492 661 646 757 Trojano
661 654 808 743 artilex,
832 663 1165 756 maguusdialecti·

9 777 11 781 ’
113 768 200 868 eus,
225 759 429 857 semiotices
449 795 487 856 et
508 785 736 879 pathologiae
757 785 873 885 cultor
887 785 1056 881 subtilis,
1081 789 1165 883 pul·

114 933 195 983 eum
214 896 473 1005 geometrarum
488 933 586 981 more
602 906 823 995 discernens,
847 886 1085 1008 dolorumque
1107 912 1165 983 di-

117 1035 306 1113 versitates
326 1032 514 1126 saporibus
540 1033 734 1116 conterens·
744 1034 929 1128 magisque
957 1058 1045 1106 vere
1074 1061 1166 1132 sym-

115 1159 298 1257 pathicam
323 1157 555 1229 affectionem
584 1155 700 1226 morbi
726 1157 898 1251 principis
922 1182 1056 1230 uocans
1086 1182 1166 1230 um-

110 1287 218 1358 ·hram
239 1295 278 1356 et
294 1306 323 1353 a
344 1281 616 1378 symptomatica
643 1301 794 1353 sucrum·
821 1292 1022 1376 temporum
1048 1283 1167 1354 medi-

111 1414 204 1483 cina
217 1421 255 1481 ct
274 1404 577 1503 sesquipedalium
596 1402 827 1477 formularum
842 1405 968 1476 studio
990 1405 1162 1499 alienum

165 1530 409 1608 Pneumaticis
431 1529 541 1601 etiam
569 1528 827 1602 adnumeratur
855 1529 1051 1607 Accianos
1075 1531 1166 1621 Care-

111 1679 253 1740 aruex,
280 1678 438 1728 summus
452 1652 679 1749 antiquitatis
696 1653 959 1747 diagnostieus,
982 1657 1070 1750 qui,
1088 1658 1162 1731 Aa·

109 1793 281 1854 casrouurs
305 1780 483 1874 aequalis,
509 1777 578 1850 sub
604 1777 759 1871 Trojano
783 1776 948 1851 floruisse
972 1779 1103 1856 fertur.

110 1947 115 1954 ·
168 1910 206 1980 Is
222 1910 260 1978 in
281 1904 479 1999 aetiologia¹
487 1903 586 1975 istud
604 1903 907 2007 ¹pneuma-crebro
922 1905 1095 1988 adhibet,
1120 1907 1165 1979 ah

54 2096 56 2107 .
110 2034 189 2106 hoc
220 2027 446 2125 epilepsiam,
463 2022 600 2110 ileum,
627 2026 888 2135 phrenitidcm,
913 2029 1083 2124 anginam
1109 2053 1167 2101 ra·

118 2159 582 2252 potens'eoquerespectu
602 2153 750 2247 reliquis
776 2155 1015 2245 pneumaticis
1042 2157 1168 2250 aequi·

114 2277 313 2376 ,parandus
361 2276 476 2369 Quod
489 2276 665 2348 Murano
683 2277 885 2369 proprium,
910 2278 1001 2368 mira
1021 2279 1167 2350 morbos

112 2401 341 2496 depingendi
369 2425 426 2472 arr
453 2414 531 2484 est,
566 2424 640 2498 qua
668 2400 714 2470 iis
748 2400 928 2490 coloribus
959 2402 1166 2476 morborum

114 2528 292 2628 imagines
309 2509 487 2604 effinxisse
505 2528 666 2600 Wtcruc
684 2524 909 2618 perhibetur,
930 2539 973 2597 ut
992 2551 1055 2598 eos
1070 2529 1166 2599 inter

112 2655 312 2750 legendum
333 2651 447 2722 oculis
463 2659 636 2745 usurpare
654 2649 851 2723 videamur.
901 2651 1076 2746 Exemplo
1096 2654 1167 2725 sint

115 2778 381 2872 descriptiones
400 2774 612 2869 epilepsiae,
640 2773 776 2856 tetani,
800 2775 941 2849 maniae
956 2789 1052 2860 caet,
1100 2778 1167 2853 (ΣΗ.

29 2986 32 2991 ,
115 2903 225 2979 ,libra
250 2903 293 2973 dc
313 2900 395 2974 Art.
422 2897 520 2972 Mod.
546 2901 686 2994 passim.

115 3086 118 3093 .
169 3028 294 3123 Atque
319 3025 370 3097 sic
393 3024 439 3095 ad
464 3025 715 3120 prognosticon
735 3024 978 3100 ‚Htrrocaffls
999 3027 1169 3122 adjunxit

113 3151 370 3248 :diagrrostieen
392 3164 430 3222 et
453 3152 737 3245 dogmaticorum
762 3151 989 3247 aetiologiam
1019 3165 1061 3225 et
1080 3152 1170 3225 Ale-

113 3277 375 3361 uandrinorum
405 3286 596 3346 anatomen
624 3276 793 3347 adhibuit
823 3275 1086 3372 nosographiae
1119 3280 1170 3349 in·

122 3413 340 3498 tcrprctem;
373 3423 597 3496 praeponens
628 3401 834 3474 morborum
861 3400 1169 3498 descriptionibus

121 3525 360 3599 anatomicam
387 3527 499 3620 partis
529 3526 682 3609 affectae
703 3525 982 3621 descriptionem
1007 3527 1172 3598 morbos·

112 3672 211 3749 ‘quc,
236 3672 309 3747 quo
335 3650 427 3722 alter
448 3653 494 3724 ad
510 3654 671 3724 ‘alterum
694 3652 819 3734 ducit,
849 3652 974 3723 ordine
998 3674 1172 3747 prognos-

114 3781 196 3849 tico
227 3776 456 3857 describens,
496 3800 616 3872 neque
653 3778 837 3874 negligens
866 3786 1046 3856 aetatum,
1084 3776 1173 3854 anni

123 3914 325 3995 temporum
349 3902 715 3993 animadversionem,
737 3902 784 3974 ah
820 3903 1054 3976 Haerent-arb
1076 3924 1177 3977 cum·

122 4026 337 4099 mandatam.
