2566 5040
377 322 519 398 ncorci
545 336 954 399 nncrmomnmsme.
1146 339 1183 404 τι

143 511 225 583 dum
247 511 455 604 plantarum
473 511 611 584 viribus
633 513 789 607 taliaque
805 515 939 608 optima
963 512 1092 586 habuit
1107 541 1183 589 me·
1264 530 1271 554 ¹

142 636 342 715 dicamina,
366 635 488 729 qualia
509 647 634 729 sponte
658 648 786 707 natura
802 640 961 730 profert:
988 644 1184 735 composita

132 734 244 843 aero,
271 759 461 851 antefacta
481 761 632 834 maxime
651 785 729 833 esse
760 762 1012 855 improbanda:
1046 788 1070 836 r>
1084 789 1185 841 scru-

135 885 292 981 pulatim
323 882 472 979 quidem
502 887 668 980 colligere
704 909 746 955 ae
777 887 928 957 miscere
961 886 1076 973 vires,
1110 914 1185 987 non

130 1009 371 1103 conjecturae
399 1009 577 1082 humanae
603 1033 712 1104 opus,
744 1012 809 1082 sed
836 1009 1081 1105 impudentiae
1108 1026 1183 1098 est,

123 1133 279 1230 tuqui,
302 1131 509 1215 mxxii,
535 1132 592 1207 m
631 1199 633 1202 .
678 1130 683 1139 ·
1017 1224 1023 1233 .

186 1256 372 1345 Videlicet
394 1257 434 1328 in
456 1259 547 1329 haee
578 1271 739 1354 tempora
765 1243 863 1331 eadit
890 1257 1054 1332 inventio
1087 1264 1185 1357 anti&

125 1380 307 1453 dotorum
318 1394 356 1455 et
370 1381 632 1465 thorincorum,
651 1383 698 1454 de
712 1406 866 1479 quorum
875 1362 993 1463 uno?
1017 1386 1182 1459 antidoto

130 1504 386 1588 Mithridatio,
407 1480 551 1578 scribit:
580 1534 624 1580 ex
646 1508 754 1578 rebus
788 1504 837 1578 54
857 1508 1106 1604 componitur,
1126 1511 1187 1601 ⁴in-

125 1630 286 1706 interim
307 1630 406 1700 nullo
424 1629 584 1723 pondere
601 1634 743 1728 aequali
761 1645 800 1709 et
817 1633 1042 1729 quarundam
1067 1657 1188 1706 rerum

117 1754 357 1847 ‚sexagesima
384 1753 526 1825 denarii
557 1755 666 1827 unius
696 1756 894 1850 imperata,
928 1780 1001 1853 quo
1030 1757 1190 1829 Deorum

128 1879 334 1972 perfidiam
356 1879 462 1948 istam
480 1881 727 1951 monstrante?
775 1882 969 1952 Hominum
987 1879 1083 1951 enim
1106 1882 1188 1953 sub-

129 2004 255 2075 =tilitas
289 2013 391 2075 tanta
421 2027 599 2105 essenon
634 2004 774 2098 potuit:
809 2006 1005 2077 ostentatio
1034 2004 1121 2076 artis
1150 2017 1190 2078 et

140 2137 350 2220 portentosa
368 2128 541 2199 scientiae
560 2127 761 2200 venditatio
780 2127 970 2202 manifesta
989 2130 1076 2200 est.''
1103 2129 1187 2202 Gre-

119 2253 278 2341 .debant
299 2275 429 2346 nempe
452 2252 584 2322 medici
605 2251 672 2341 (ita
687 2251 872 2348 Cnsmcus)
897 2255 936 2325 in
961 2264 1060 2324 tanta
1085 2252 1189 2347 igno·

145 2377 281 2449 ratione
299 2400 463 2456 caussae,
489 2400 532 2446 eo
552 2377 743 2448 certiorem
759 2379 836 2450 iore
857 2379 1091 2460 medicinam,
1114 2403 1188 2473 quo

135 2523 292 2604 numero
315 2501 437 2594 plures
465 2499 617 2574 haberet
639 2502 789 2583 herbas,
814 2513 857 2573 ut
879 2503 998 2596 altero·
1022 2480 1184 2572 remedio

146 2645 213 2696 non
225 2625 398 2719 juvante,
413 2627 563 2720 juvaret
579 2628 732 2698 alterum
743 2629 929 2721 majorque
950 2635 1045 2698 esser
1059 2625 1098 2695 in
1113 2648 1186 2695 me·

147 2749 346 2831 dicrimine,
370 2775 480 2846 quam
494 2753 533 2822 in
549 2751 691 2822 medico
712 2749 899 2844 sapientia.
964 2745 970 2754 '

199 2873 372 2947 Seculum
403 2876 560 2968 primum
591 2887 670 2969 post
700 2874 783 2945 Chr.
807 2896 902 2943 nova
931 2870 1041 2943 fuisse
1074 2870 1188 2943 fertur

127 3010 328 3070 -anatomes
353 3000 549 3093 periodus,
570 3003 676 3095 eujus
698 2996 811 3070 studii
833 2997 1052 3068 instaurator
1071 2995 1188 3067 Mant-

128 3135 199 3197 nus
235 3120 385 3196 Gitana
421 3123 566 3196 dicitnr.
621 3125 681 3225 ‘De
711 3122 882 3193 musculis
914 3122 1009 3208 inter
1043 3129 1186 3191 veteres

127 3249 305 3320 omnium
326 3247 480 3341 optime:
512 3258 698 3342 praeterea
725 3245 903 3342 quaedam
929 3246 975 3315 de
1003 3244 1125 3317 nervis
1149 3254 1189 3318 et
1238 3296 1242 3301 -

121 3372 325 3465 glandulis
343 3371 456 3443 habet
473 3371 566 3442 bene
582 3371 741 3464 exposita
759 3384 797 3441 et
819 3394 913 3440 nova
933 3369 1091 3440 inventa.
1116 3369 1191 3441 Hc*

116 3511 225 3572 rum
247 3509 449 3589 temporum
474 3508 639 3568 anatome
663 3495 799 3590 optime
824 3493 1051 3586 cognoscitur
1076 3513 1119 3565 ex
1143 3493 1190 3563 li·

112 3611 209 3696 bro
229 3623 278 3694 de
298 3619 456 3715 partium
477 3643 507 3691 c.
522 3619 558 3691 h.
583 3618 898 3713 adpellationibus,
923 3629 1069 3692 auctore
1090 3617 1187 3691 Rure

115 3739 301 3821 lemme
309 3771 319 3834 3
354 3746 419 3841 qui
449 3744 574 3817 floruit
597 3744 664 3815 sub
687 3744 839 3838 Trojano
864 3744 955 3835 Imp.
1005 3741 1044 3813 Is
1066 3743 1188 3814 nervis

117 3873 275 3944 tribuit
292 3870 500 3963 plurimum,
525 3868 715 3964 exquibus
731 3880 875 3963 praeter
893 3890 1035 3941 sensum
1055 3879 1092 3940 et
1112 3864 1187 3942 ruo*-

121 4003 225 4072 lum
250 4009 347 4069 πᾶσαν
363 4003 492 4089 σώματος
511 3995 613 4091 ascio
633 3995 792 4092 pendete
817 3990 1023 4080 arbitratum
