2566 5040
116 373 170 435 ms
248 426 252 464 3
432 359 849 435 rannerususl

114 553 188 632 liu,
222 571 315 645 quae
353 527 661 643 eomprehenduut
678 534 682 540 ’
700 575 853 634 areana,
887 559 981 646 quae
1017 533 1157 628 medico

118 675 229 746 cruda
252 671 484 760 obferuntur,
510 687 553 747 ut
577 678 747 771 separatis
766 678 973 759 inutilibus,
998 679 1184 773 quintes·'

120 801 254 869 sentias
285 796 468 877 extrahat,
507 797 583 868 sire
618 799 694 892 ipsa
723 822 812 893 pura
844 811 984 895 promat
1001 837 1006 849 ·
1021 825 1157 872 areana

119 921 184 991 Est
200 933 319 991 autem
338 919 429 991 haee
446 922 531 990 boui
550 944 571 990 a
590 923 684 992 malo
701 924 881 1015 separatio
898 925 985 994 artis
1003 946 1156 996 summa:

118 1045 268 1140 ipsaque
287 1043 366 1113 fieri
387 1044 499 1117 debet
522 1028 734 1137 perignem
785 1048 844 1118 Sio
872 1047 1055 1119 Vulcanus
1075 1050 1158 1145 artis

27 1222 29 1227 -
116 1170 305 1261 magister,
323 1168 396 1239 sie
419 1193 463 1240 ex
493 1169 576 1261 igne
611 1169 773 1239 medious
802 1171 979 1260 nascitur,
998 1173 1067 1243 ‘sie
1088 1160 1180 1269 ‘per'

117 1290 239 1387 iguem
267 1305 410 1366 arentur
438 1292 642 1364 medicina·
678 1273 749 1366 Per
774 1293 892 1385 ignem
922 1274 1053 1390 nempe
1078 1321 1159 1368 vera

119 1417 241 1510 prodit
260 1439 380 1489 rerum
397 1428 537 1488 natura.
586 1415 739 1507 Lignum
761 1416 793 1486 si
816 1429 1012 1500 crematur,
1037 1421 1159 1502 arden

120 1541 260 1612 sumum
283 1540 419 1613 emittit
438 1551 482 1611 et
510 1540 550 1610 in
575 1540 735 1610 cinerem
760 1540 1088 1638 delabiturvquod
1107 1568 1162 1615 ar·
1202 1606 1204 1613 .

121 1666 205 1748 det,
227 1656 603 1760 sulphureos-‚qood
627 1663 797 1745 effumat,
820 1667 1037 1748 mercurium
1064 1671 1159 1764 quod

113 1788 334 1869 cinerascit,
357 1789 418 1859 sal.
467 1792 568 1861 Haeo
586 1791 671 1858 tria:
693 1789 860 1882 sulphur,
879 1791 945 1869 sal,
964 1793 1162 1865 mercurius

125 1915 274 2013 quaevis
301 1905 450 2009 eorpora
474 1913 656 1985 efficiunt:
671 1932 673 1936 “
690 1936 733 1983 ex
752 1912 809 1983 his
836 1913 951 1984 tribua
969 1924 1016 1985 et
1032 1915 1162 1986 sanitas

125 2052 163 2109 ot
187 2037 313 2109 morbi.
346 2038 426 2109 'Per
452 2012 564 2110 sitam
589 2037 680 2109 huso
707 2022 855 2132 corpore
881 2036 1095 2111 abscondita
1114 2040 1162 2110 lu·

68 2207 70 2210 ι
124 2173 241 2249 tent,
264 2163 357 2232 Mors
383 2162 518 2233 colores
539 2162 616 2232 illos
636 2161 762 2233 vitales
780 2162 1040 2263 abstergin‘ut
1058 2184 1161 2235 vernt

125 2286 227 2354 'color
256 2285 417 2378 prodeat.
474 2285 645 2358 Similiter
676 2286 956 2380 complexiones,
992 2295 1162 2378 tempera·

125 2421 248 2480 menta
282 2409 417 2479 colores
445 2421 529 2480 sunt
561 2410 790 2506 corporisque
819 2410 1056 2481 vestimenta:
1093 2428 1161 2504 quo

126 2537 271 2635 nomine
305 2535 473 2626 culpandi
502 2546 663 2616 veteres,
692 2533 789 2630 quod
817 2558 867 2604 ex·
881 2533 937 2602 his
951 2529 1014 2629 da
1044 2554 1162 2627 eorpo-

126 2679 207 2728 rum
236 2660 375 2729 naturis
404 2669 609 2731 statuerunt
640 2660 759 2755 iisque
792 2679 933 2730 omnem
965 2654 1161 2728 doctrinam

127 2783 317 2876 complesti
339 2805 440 2877 posse
462 2784 599 2876 opinati
628 2797 722 2856 sunt.
1138 2766 1143 2777 ¹

5 2970 14 2983 ,
61 2993 64 2996 ‚
176 2906 486 3000 Quemadmodum
508 2909 643 2979 semina
662 2932 735 2979 non
761 2906 977 3001 germinant,
1002 2904 1075 2976 uisi
1098 2905 1159 2976 tei·

128 3032 207 3102 lure
219 3043 399 3126 tamquam
419 3032 560 3124 sepulta
577 3044 804 3126 putrescant,
830 3033 881 3103 sie
899 3052 1074 3103 veranon
1089 3051 1163 3123 pro·
1191 3098 1194 3103 .

129 3158 244 3227 deunt
267 3178 413 3232 areana,
439 3157 508 3225 nisi
536 3156 688 3250 pristina
710 3157 873 3250 deposita
894 3165 1042 3236 natura,
1067 3175 1162 3246 rege·

127 3291 311 3353 merentur.
361 3281 421 3350 Sie
451 3286 579 3349 areana
606 3293 731 3373 partus
760 3282 868 3361 nori,
901 3288 1085 3368 recentes,
1116 3275 1162 3347 sie

19 3389 21 3394 ¹
131 3428 195 3498 per
215 3406 362 3506 alteram
382 3402 610 3475 nativitatem
631 3403 674 3475 fir
693 3405 923 3486 instauratio,
948 3402 1061 3474 sio-ex
1077 3418 1165 3471 mor·

105 3562 108 3566 ⁴
130 3539 168 3598 te
188 3531 301 3624 surgit
327 3529 412 3600 rita.
1118 3608 1122 3625 θ

179 3656 333 3748 Oportet
353 3663 476 3724 autem
499 3652 536 3724 in
560 3649 692 3722 morbis
717 3651 905 3732 curandis,
928 3662 972 3721 ut
994 3648 1163 3748 aasentias

131 3775 247 3847 morbi
267 3775 482 3871 respoudeat
512 3775 666 3846 essentia
694 3776 874 3872 remediis
891 3798 934 3845 ex
958 3796 1090 3844 aroana
1110 3791 1164 3840 na·

133 3901 247 3970 scitur
271 3901 438 3972 morbus:
464 3911 555 3994 quot
583 3921 712 3968 areana
739 3910 794 3972 tot
823 3896 959 3970 morbi:
984 3897 1050 3968 ubi
1080 3915 1163 3966 mor·

132 4021 218 4102 bus,
244 4023 295 4094 ibi
318 4026 432 4098 morbi
450 4024 659 4096 remedium.
708 4024 782 4097 Neu
806 4034 945 4107 tamen,
970 4033 1014 4094 ut
1041 4017 1161 4092 reteri·
