2566 5040
365 429 367 431 ’
434 414 561 482 eun
607 415 863 482 neuneu.
1028 398 1032 406 '
1108 421 1163 484 mr

121 612 261 670 manuos
279 595 425 692 quidem
447 597 610 669 doctrina
626 621 689 668 sua
707 598 838 691 partim
860 594 1047 692 dynamioa
1064 595 1159 669 hane

98 708 360 797 ‘mutationem
390 732 670 817 praeparaverat.
727 721 861 793 Verum
887 721 926 790 in
952 720 1181 794 Horreum
1233 733 1252 818 ”-

99 855 315 939 systemate
341 845 474 938 pariter
495 856 602 939 atque
627 845 667 913 in
693 843 922 914 Romanurn
948 833 1159 936 supererant

124 946 260 1040 veteris
293 969 442 1063 vestigia
480 969 604 1063 placiti
643 969 688 1039 de
728 968 917 1037 humorum
961 967 1159 1059 dysorasia,

101 1092 334 1173 acrimonia,
357 1093 480 1186 copia,
497 1093 639 1186 inopia,
661 1090 857 1194 erropibus:
883 1092 1031 1186 ipseque
1046 1094 1161 1162 Horr-

102 1233 296 1296 uarmos„
323 1216 463 1287 etiamsi
508 1240 725 1310 spasmorum
767 1215 982 1285 fundaverat
1029 1212 1162 1286 doetri-

103 1361 327 1420 ,nam‚.eem
351 1352 486 1423 tamen,
510 1352 553 1411 ut
582 1339 783 1435 oppositum
809 1339 855 1409 de
879 1339 999 1408 atonia
1026 1339 1160 1422 locum,¹
1270 1347 1272 1352 ’

124 1485 168 1534 ex
200 1461 443 1535 circulationis
472 1463 652 1558 dogmate·
666 1464 886 1557 explicuerat
910 1462 1020 1556 inque
1051 1460 1163 1555 dyna-

97 1564 217 1657 ¹nrioa
244 1609 308 1658 sua
337 1588 541 1658 morborum
576 1586 873 1681 interpretatione
899 1609 921 1656 a
948 1583 1161 1656 mechanico
1211 1566 1217 1576 ⁸

123 1719 245 1780 tamen
262 1712 438 1806 principio
457 1696 581 1807 parum
597 1710 802 1782 deflexerat.

171 1835 249 1904 Hoc
269 1836 496 1930 dynamioum
520 1848 671 1931 systema
687 1835 841 1929 perfecit
860 1833 944 1908 Get.
964 1834 1161 1914 coruram·

122 1956 307 2029 Professor
329 1959 628 2053 Ediuburgensis‚
652 1961 737 2056 qui,
761 1959 949 2052 repudiata
967 1958 1161 2047 humorum

120 2081 343 2177 pathologia‚
361 2083 479 2164 aliam,
492 2108 682 2155 nervorum
695 2108 741 2155 so.
757 2083 893 2154 creavit
907 2079 1160 2175 pathologiam,

119 2203 161 2275 in
186 2229 258 2298 qua
280 2208 324 2277 ad
350 2207 501 2278 solidum
527 2209 651 2281 vivum
672 2209 822 2304 quaevis
846 2205 1007 2276 referret.

171 2328 222 2401 Ut
244 2330 476 2403 Horruanrms
496 2333 608 2424 prius,
631 2335 683 2404 sie
701 2335 778 2428 ipse
797 2352 970 2426 aspasmo
983 2337 1020 2398 et
1040 2325 1162 2398 alonia

96 2463 257 2522 ennete
287 2454 397 2525 ferme
430 2466 596 2547 repetens
630 2479 759 2548 genera
791 2455 1041 2526 valetudinum
1072 2450 1161 2521 huie
1193 2535 1198 2543 .

122 2575 335 2668 aetiologiae
350 2600 431 2648 cum
444 2577 648 2647 morborum
663 2575 854 2658 theoriam,
870 2588 946 2647 tum
957 2575 1160 2668 generalem

120 2698 396 2793 therapeutioen
427 2700 721 2798 adcommodarit.
780 2699 815 2772 A
850 2697 967 2780 febre,
1001 2709 1045 2768 ut
1077 2698 1158 2778 ille,

120 2822 381 2917 interpretandi
416 2824 519 2896 duxit
557 2824 711 2896 initium.
767 2824 965 2920 Pleraeque
1004 2822 1160 2893 febrium

120 2925 268 3047 caussae
280 2960 455 3031 remotae,
479 2973 522 3020 eo
537 2960 701 3029 auctore,
720 2947 889 3019 minuunt
902 2946 1040 3018 cerebri
1056 2969 1159 3016 ener-

120 3070 238 3164 geiam
256 3071 485 3166 inferumque
505 3073 738 3144 debilitatem.
789 3075 880 3145 Sunt
899 3069 1010 3165 igitur
1030 3069 1159 3164 debili·

118 3206 249 3266 tentes.
298 3196 344 3266 In
359 3196 474 3267 stadio
492 3195 630 3298 frigoris
647 3222 783 3291 spasmo
800 3198 1024 3290 stringuntur
1043 3204 1159 3264 extre·

118 3342 180 3389 ma
200 3342 365 3390 rasorum
382 3331 529 3414 totaque
554 3323 709 3418 eorporis
730 3303 947 3416 superficies.
999 3317 1059 3388 Sio
1078 3316 1157 3388 irri·
1209 3391 1211 3396 ,

117 3454 221 3512 tatur
246 3466 306 3512 oor
330 3453 368 3513 et
389 3467 500 3536 genus
523 3467 686 3515 vesorum
707 3432 905 3540 perlegam
931 3444 1028 3514 illam
1051 3464 1158 3536 gene·
1250 3490 1252 3493 -

116 3567 230 3636 ralem
247 3569 475 3637 oeconomiae
489 3568 666 3650 animalis,
690 3593 762 3662 qua
781 3569 964 3663 potentiae
982 3578 1155 3637 nocentes

117 3689 193 3761 vim
214 3701 364 3761 naturae
394 3691 632 3782 medicatriois
656 3694 830 3779 exeitan13
858 3693 961 3786 eujus
995 3693 1089 3762 aetio
1117 3690 1157 3760 in

116 3810 197 3906 ipso
230 3813 368 3908 frigoris
395 3816 510 3906 stadio
548 3817 697 3912 ipsoque
723 3841 875 3912 *spasmo
905 3817 980 3910 jam
1013 3812 1157 3907 incipit.
1251 3871 1253 3874 .

116 3938 219 4008 Haec
239 3961 323 4008 vero
344 3939 459 4010 eordis
483 3950 720 4034 vasorumque
740 3940 892 4012 irritatio
918 3938 1056 4010 tamdiu
1075 3959 1180 4049 per-·
1253 3989 1260 3998 -

108 4058 231 4143 sistit,
257 4063 428 4157 quamdiu
455 4089 613 4160 spasmus
635 4065 798 4148 nondum
813 4075 876 4138 aut
894 4065 1071 4134 relaxatus
1092 4062 1157 4144 sit.

256 4186 258 4191 ’
931 4183 967 4244 16
