2566 5040
119 376 156 438 ss
516 377 769 436 GRAECL

117 565 174 623 tes
201 562 304 622 erant
334 572 416 618 cum
444 550 583 621 ditione
608 574 681 622 sua.
730 553 854 647 Neque
887 575 973 646 gens
1003 550 1155 628 Graeco·

116 698 199 745 rum
228 698 272 743 er
299 696 371 744 una
402 686 480 743 erat
515 675 626 767 stirpe
661 676 833 756 oriunda,
867 676 931 747 sed
966 702 1010 748 ex
1040 681 1155 752 multis

117 796 304 900 tribubus,
336 798 514 880 coloniis,¹
538 799 701 892 populis3
726 800 825 894 quod
852 801 981 871 velex
1008 803 1156 874 Homo

117 921 346 1013 cognoscitur
366 921 536 1016 quodque
569 922 757 1014 multiplex
780 923 928 995 traditio
958 933 999 997 et
1022 928 1156 1020 mytho·

116 1045 213 1140 logia
231 1044 450 1120 Graecorum
469 1057 735 1118 commonstret.

426 1557 621 1616 nssuosss
657 1557 841 1618 MEDICL

119 1831 125 1841 ·
164 1809 384 1908 llythologia
403 1808 655 1902 complectitur
682 1809 799 1904 prima
823 1811 1037 1903 populorum
1062 1826 1154 1887 tem·

115 1953 204 2031 pora
238 1935 409 2006 fabulosa.
466 1934 531 2005 Est
557 1957 601 2003 ea
633 1934 764 2026 partim
798 1933 988 2018 historice,
1014 1941 1154 2031 partim

113 2057 352 2152 philosopha:
386 2057 427 2127 id
458 2069 514 2126 est
540 2056 691 2128 historia
716 2069 755 2129 et
785 2059 1014 2153 philosophia
1040 2063 1157 2157 primu

113 2185 261 2278 poetice
287 2182 465 2275 simulque
496 2181 767 2274 comprehendit
804 2183 1029 2274 theologiam
1056 2199 1159 2260 vete-

114 2324 200 2376 rem
249 2305 372 2386 Hane,
404 2304 561 2378 Graecos
589 2305 620 2374 si
644 2275 858 2399 cogitemus,
891 2295 1034 2380 duobus
1067 2310 1159 2381 locis

113 2431 371 2523 interpretatus
393 2441 449 2513 est
468 2431 690 2500 timorosus.
722 2430 778 2501 En
791 2429 966 2525 priorem!
993 2428 1158 2520 (Hister.

114 2553 275 2646 11,5tt)
323 2577 346 2622 n
365 2552 469 2626 Unde
495 2556 744 2649 unusquisque
775 2555 924 2625 deorum
953 2557 1156 2640 exstiterit,

114 2696 163 2750 an
188 2700 274 2751 vero
308 2678 431 2749 cuncti
463 2703 603 2774 semper
630 2679 789 2759 luerint,
815 2690 878 2749 aut
906 2702 979 2773 que
1011 2681 1158 2774 specie,

114 2805 325 2896 ignorarunt
341 2827 457 2898 usque
479 2804 578 2896 prius
601 2815 640 2874 et
654 2803 754 2884 heri,
780 2815 823 2874 ut
838 2804 890 2873 sic
905 2803 1033 2874 dicem.
1064 2805 1160 2878 Nam

114 2928 292 3000 llrsronus
308 2937 418 3021 atque
435 2928 620 3009 nonnus,
636 2953 726 3022 quos
744 2927 1016 3024 quadringentis
1027 2941 1065 2999 et
1079 2955 1159 3003 non

115 3051 267 3147 emplius
288 3052 390 3121 annis
408 3062 493 3124 ante
514 3077 572 3122 me
589 3054 716 3147 opinor
736 3053 929 3129 exstitisse,
954 3053 1009 3122 illi
1030 3053 1160 3136 luere,

114 3175 180 3269 qui
200 3172 350 3248 Graecis
370 3175 596 3268 theogonium
616 3175 781 3246 fecerunt
799 3175 940 3269 diisque
956 3163 1004 3248 ¹et
1024 3200 1162 3269 eogno-

116 3298 213 3368 minu
224 3297 417 3380 dederunt,
433 3299 658 3395 honoresque
675 3311 713 3393 et
730 3299 883 3370 artificia
897 3313 1161 3393 separaverunt

114 3422 296 3517 etfiguras
317 3446 440 3493 eorum
450 3401 761 3514 designaverunt?
786 3422 842 3492 En
860 3423 1035 3495 alterum!
1060 3422 1158 3514 (ibid

91 3546 137 3617 'I
146 3594 157 3633 -‚
174 3548 268 3642 131).
292 3550 455 3620 »Persae
470 3572 588 3642 neque
608 3558 744 3618 statuas
754 3570 872 3642 neque
891 3548 1023 3640 templa
1031 3571 1157 3642 neque

59 3699 62 3702 ·
114 3695 195 3743 uras
204 3697 337 3768 ponere
354 3683 392 3743 et
407 3695 612 3743 consecrare
627 3671 680 3741 les
694 3682 841 3764 putant:
866 3650 1065 3767 quinimmo
1081 3672 1157 3743 hoc

112 3797 333 3870 incientibus
354 3797 514 3867 insaniae
536 3795 756 3890 vituperium
772 3796 934 3866 inferunt
955 3795 1003 3864 ob
1026 3793 1083 3876 id,
1111 3807 1159 3867 ut

113 3944 196 3993 mea
216 3922 287 3993 lert
307 3923 445 4015 opinio,
481 3921 579 4015 quod
599 3945 672 3990 non
696 3921 997 4015 quemadmodum
1020 3917 1157 3993 Graeci

114 4059 264 4144 putant,
288 4046 383 4122 Deos
401 4059 551 4120 naturae
571 4046 749 4143 humanae
770 4048 880 4118 csse.''
930 4043 1160 4122 Graecorum
