2566 5040
399 364 441 430 Β.
474 362 867 431 ΒΟΕΒΗΔΔΠᾰ
967 429 968 432 ,
1098 367 1160 432 215

113 541 172 614 nir
207 539 374 612 collocari
396 554 613 637 coepenmt
649 558 815 639 novaque
854 541 956 615 nasci
993 541 1155 618 theoriae

114 663 280 737 medicae
302 665 600 760 metamorphosis
629 679 667 740 et
685 669 865 741 erolntioc
893 665 933 738 in
950 691 1024 764 qna
1043 691 1156 763 penes

115 813 178 861 cor
210 799 306 860 essct
334 788 373 860 in
400 790 609 862 oeconomia
635 792 825 885 imperium
854 815 1048 877 summum
1083 815 1158 888 qua

114 925 203 986 nate
225 913 418 986 humorum
438 916 629 989 circulatio
656 915 871 988 censebatur
888 915 1057 1010 primaru
1076 913 1159 986 lun-

115 1038 192 1109 ctio
222 1036 272 1110 ad
299 1061 449 1136 eamque
486 1039 767 1135 componebatur
800 1041 910 1111 etiam
944 1039 1085 1110 theoria
1112 1039 1183 1111 li»

80 1205 82 1207 ·
115 1161 222 1262 quidi
248 1164 374 1236 nervci
402 1188 468 1259 per
490 1164 678 1237 cerebrum
704 1164 836 1236 secreti
861 1187 1075 1259 nervosque*
1091 1163 1160 1236 cir·
1200 1197 1203 1200 ·

99 1271 334 1360 ¹cumenntis.
378 1299 382 1305 '
525 1289 528 1293 ’
565 1266 571 1278 ’

165 1411 269 1482 Hanc
294 1408 456 1484 theoriae
485 1410 648 1487 medicae
667 1412 863 1510 periodum
889 1436 934 1484 ac
963 1410 1094 1507 phasin
1120 1409 1161 1482 in

118 1508 392 1608 Bcerhaaviana
412 1536 576 1610 doctrina
597 1540 690 1610 miro
719 1538 899 1634 cernimus
925 1535 1080 1609 artificio
1103 1560 1162 1606 ex·

118 1683 276 1757 pressam
305 1670 415 1755 atque
438 1659 677 1744 delineatam,
711 1664 817 1758 cnjus
843 1661 987 1758 egregia
1014 1641 1166 1732 insriuo
1244 1692 1248 1699 ·

117 1786 172 1857 tio
198 1784 270 1855 hoc
290 1771 400 1856 etiam
426 1784 543 1856 laudis
574 1809 703 1880 genere
733 1787 921 1868 excelluit,
935 1773 1046 1880 ‘quod
1075 1784 1164 1855 clas-

119 1908 232 1985 sicam
252 1908 470 1979 instauraret
489 1909 729 1983 eruditionem
749 1909 948 1990 medicam,
975 1907 1165 2002 optimam·
1235 1887 1237 1891 ¹

73 2007 80 2027 ⁸
117 2056 191 2130 que
219 2030 378 2103 traderet
407 2033 519 2105 studii
543 2033 677 2105 medici
700 2033 928 2116 methodum,
953 2030 1163 2126 exponendh

119 2154 282 2228 omnium
315 2155 517 2227 seculorum
551 2151 700 2229 inventa
727 2156 838 2254 idque
867 2157 970 2229 brevi
998 2157 1038 2227 in
1067 2150 1164 2227 comss

118 2275 276 2376 pendio‚
309 2277 501 2348 indicando
529 2278 569 2348 in
600 2278 747 2374 singulis
775 2281 977 2352 medicinae
1000 2249 1172 2375 partibus¹
1245 2313 1248 2323 ·

118 2414 304 2483 auctores,
330 2388 372 2472 in>
391 2400 492 2472 hisce
519 2387 729 2500 cromandis
757 2406 957 2500 principes,
984 2429 1167 2476 commen-

114 2525 314 2620 dendoqne
354 2503 511 2618 ipsorum
552 2525 707 2600 lontinm
742 2529 908 2602 'studium
940 2527 1167 2600 historicum·

107 2650 225 2743 ¹Quae
252 2649 435 2721 institutio
461 2650 492 2719 si
508 2650 691 2744 quaeratis
704 2685 721 2731 ‚>
737 2675 829 2745 quos
851 2650 992 2722 fructus
1019 2652 1165 2741 tulerit,
1210 2674 1217 2703 r

117 2772 278 2846 sufficiet
296 2796 449 2844 summos
466 2762 626 2845 indicare
649 2773 765 2846 viros:
791 2775 1041 2854 Swmrmm.
1065 2774 1165 2846 Haa-
1260 2779 1262 2781 ’

117 2908 229 2979 moro,
254 2896 469 2980 flamna,
503 2895 610 2979 alios,
627 2874 800 2993 ¹quorum
826 2897 970 2970 meritis
994 2920 1059 2992 per
1083 2919 1165 2968 om·

120 3045 205 3094 nean
219 3021 406 3117 ⁴Europam
433 3019 603 3095 inclaruit
628 3022 771 3127 scholae
792 3001 1089 3094 Boerhaavianae
1107 3024 1167 3094 ce-
1214 3055 1222 3064 ·

113 3145 281 3217 »lehritaa

200 3395 234 3470 1.
269 3394 501 3503 Barnaeum
514 3395 697 3479 doctrina,
720 3393 766 3466 ad
785 3394 1055 3467 circulationem
1073 3393 1166 3465 Har·

268 3521 658 3615 vaeanamcomposita
682 3521 818 3606 omnis,
846 3519 988 3593 duobus
1014 3513 1165 3592 maxime

266 3642 397 3716 nititur
419 3644 623 3740 principiis:
656 3638 859 3718 anatomica
889 3644 1046 3737 partin·
1071 3655 1168 3716 strn-

267 3779 374 3840 ctura
404 3769 662 3867 humoremque
691 3781 815 3869 motu3
852 3767 924 3843 fuir
951 3767 1063 3862 igitur
1094 3790 1169 3845 rne-

269 3893 430 3965 chanica.

181 4012 234 4091 11.
273 4016 357 4116 lpse
378 4019 569 4094 excellenti
586 4021 815 4118 institutione
841 4019 960 4094 norm
974 4029 1031 4092 est
1050 4013 1170 4093 'totius
