2566 5040
54 362 167 463 'tm
414 401 851 470 ont.assvsr

112 581 375 651 observandum
409 585 561 674 primurn
592 585 733 678 adpuli,
774 612 847 680 quo
885 586 1002 656 cordis
1029 598 1152 658 motus

112 729 217 774 usum
237 716 275 773 et
298 706 475 779 utilitates
496 708 534 777 in
558 687 768 780 animalibus
787 735 850 804 per
873 711 1075 803 autopsiarn
1099 712 1154 782 in·

112 833 287 919 venirem,
324 856 399 904 rem
436 834 583 909 arduam
614 834 719 925 plane
752 845 790 905 et
810 834 1045 915 ¹difficultatis
1078 836 1155 928 ple·

113 958 294 1027 nissimam
314 942 495 1028 continuo
521 957 697 1050 repperi,
719 942 765 1026 ut
793 937 874 1026 cuin
907 958 1157 1030 Fascasronm

114 1096 251 1152 motum
271 1084 386 1152 cordis
414 1082 480 1152 soli
509 1083 587 1152 Deo
607 1076 787 1174 cognitum
806 1082 934 1161 luisse,
959 1105 1053 1175 pene
1077 1084 1155 1176 opi-

113 1232 227 1277 narer.
275 1209 348 1278 Nec
370 1208 466 1274 enim
487 1206 666 1299 quomodo
684 1204 813 1296 systole
833 1217 896 1274 aut
914 1190 1066 1274 diastole
1091 1205 1157 1276 fie-

113 1344 189 1412 ret,
223 1355 294 1402 neo
321 1330 464 1425 quando
494 1341 558 1402 aut
586 1328 652 1429 ubi
674 1329 848 1401 dilatatio
875 1341 913 1400 et
944 1330 1157 1404 constrictio

117 1457 304 1536 existeret,
330 1466 429 1527 tecte
449 1453 839 1553 potniinternosnere,
860 1462 1006 1545 propter
1027 1455 1159 1525 celeri&

115 1582 229 1654 tatem
256 1577 396 1649 sellicet
419 1590 555 1658 motus,
581 1577 646 1672 qui
668 1578 845 1649 inmultis
865 1575 1080 1647 animalibus
1097 1578 1161 1648 ni·

59 1798 62 1803 ⁸
116 1718 185 1779 ctu.
202 1704 296 1803 oculi
323 1701 427 1797 quasi
457 1702 608 1794 trajecto
638 1702 777 1796 fulgore
796 1727 833 1773 se
859 1703 904 1770 in
922 1708 1163 1795 cbnspeetum

117 1829 282 1900 exhibuit
311 1840 348 1898 et
376 1824 552 1899 subtraxit
579 1828 694 1906 illico,
726 1802 779 1897 ita
801 1837 845 1896 ut
860 1820 973 1899 ,modo
994 1825 1084 1897 hino
1102 1852 1162 1922 ψ,

119 1946 255 2034 stolen,
280 1954 381 2023 illinc
409 1950 604 2051 diastolen,
631 1950 777 2022 modos
803 1961 954 2029 contrn,-·
968 1951 1079 2021 modo
1099 1975 1160 2022 va-

48 2122 52 2129 ·
119 2079 210 2159 rios,
235 2077 342 2151 ruodo
369 2073 552 2159 conlustns
574 2075 655 2147 fieri
672 2085 810 2152 vinatus,
834 2096 892 2142 me
916 2074 1164 2146 existimarem

120 2224 287 2273 cernere:
314 2198 410 2270 unde
438 2199 576 2271 anirnus
605 2199 694 2297 mihi
723 2197 921 2269 fluctuabat
933 2223 954 2282 3„
972 2221 1043 2267 nec
1065 2198 1169 2290 quid

121 2325 181 2397 rel
201 2325 277 2416 ipse
307 2335 521 2406 statuerem,
546 2323 605 2396 rel
628 2323 711 2394 aliis
733 2322 934 2404 crederem,
957 2321 1163 2410 habebam,

122 2462 161 2521 et
184 2461 319 2517 motum
346 2448 465 2520 cordis
489 2471 585 2526 esse,
610 2445 726 2542 qualis
755 2447 880 2540 Euripi
905 2446 1025 2516 fluxus
1047 2459 1089 2518 et
1110 2474 1167 2519 re·

122 2572 239 2648 fluxus
265 2572 499 2653 Anrsrorsu,
531 2571 712 2642 Arnensis
737 2569 968 2641 Lsunsurrnu
1000 2574 1165 2666 sommis-

124 2721 182 2776 se,
205 2720 280 2769 non
303 2697 489 2770 mirabar.’'
539 2698 615 2767 Nee
641 2707 759 2766 tamen
780 2695 837 2765 his
861 2695 906 2764 ab
925 2695 1075 2789 incepto
1101 2701 1166 2768 dea'

63 2789 70 2804 ⁸
124 2823 250 2891 sistere
275 2805 487 2905 Hsrvanns,
514 2821 579 2892 sed·
600 2819 728 2912 majori
758 2821 802 2888 in·
826 2819 904 2888 dies
928 2832 965 2905 et
991 2820 1169 2913 ‹bequies-

124 2946 223 3019 tione
242 2959 281 3019 et
302 2947 490 3036 diligentia
514 2946 588 3028 uti,
613 2945 733 3017 donec.
751 2942 899 3014 tandem
919 2966 998 3014 rem
1023 2948 1171 3040 ⁴attigis-

124 3095 162 3139 se
180 3094 258 3142 sese
286 3072 512 3143 existimaret.

126 3248 132 3255 -
182 3197 313 3289 Itaque
341 3195 495 3290 primum
524 3196 563 3265 in
590 3194 757 3281 cordibus
782 3193 945 3264 omnium·
958 3195 1093 3266 ,adhuc
1116 3192 1173 3268 vii

126 3318 292 3390 sentium
308 3318 520 3392 animalium
537 3329 661 3415 aperto
682 3330 829 3412 pectore
848 3330 886 3387 et
904 3318 1064 3389 dissecta
1086 3344 1171 3416 cop-

125 3444 225 3522 sula,
251 3467 344 3536 quae
375 3466 435 3513 cor
464 3442 671 3513 immediate
695 3441 969 3524 circumcludit,
999 3443 1171 3517 observari

129 3567 184 3639 sit
207 3568 384 3650 alternum
412 3566 528 3637 cordis
561 3578 698 3637 motum
721 3563 968 3658 alternamque
995 3568 1170 3661 quieterni

129 3693 233 3783 Quae
260 3715 343 3762 cum
365 3691 573 3764 incaeteris
601 3682 747 3761 nonita
769 3685 965 3761 manifesta]
980 3705 1101 3764 essent
1123 3695 1170 3764 ob

129 3829 249 3887 motus
280 3807 521 3894 celeritatem,
558 3838 600 3885 ea
625 3815 663 3885 in
692 3815 858 3886 cordi-bus
871 3813 1086 3886 'animalium
1111 3817 1170 3888 tri·

130 3939 313 4029 gidarum,
340 3939 530 4011 autetiam
550 3939 590 4009 in
609 3939 758 4035 reliquis
777 3950 1023 4034 perscrutatus
1048 3953 1104 4010 est
1126 3955 1170 4017 eo'

132 4073 325 4159 ternpore„
337 4088 411 4160 quo
438 4067 617 4136 cormori-
629 4077 668 4138 ot
683 4066 786 4164 qussi
802 4064 983 4158 exstingue
1000 4065 1172 4160 incipiatt
