2566 5040
240 385 428 448 nnormru
449 382 522 444 rm
539 367 759 445 'Antrones
784 344 1041 442 sumnum
1108 349 1178 443 ‘ros

128 552 369 633 adumbravit
422 532 595 631 Nimirum
627 583 648 629 s
678 553 786 630 lehris
811 556 978 629 hecticae
1006 555 1178 629 examine

126 687 224 756 ritae
243 687 403 756 medicae
423 707 565 754 cursum
587 664 790 777 auspicatus
808 693 886 754 eret
905 705 1058 776 cumque
1074 705 1167 752 mor·
1184 685 1188 696 '

124 807 256 879 borum
292 809 543 879 chronicorum
570 807 666 876 inter
691 789 823 878 milites
851 806 973 878 sedem
1002 788 1168 899 perscru-

123 935 194 1004 tari
217 945 384 1028 cuperet,
410 930 540 1002 incidit
565 929 640 1001 lere
660 929 698 999 in
727 929 962 1025 phlegmasias
989 942 1066 1002 turn
1087 927 1169 1023 pul·

124 1078 288 1138 monum,
308 1067 384 1127 tum
398 1050 590 1129 ventriculi
603 1066 640 1125 et
655 1051 905 1126 intestinorum
918 1077 960 1123 er
971 1075 1166 1149 earumque

72 1209 80 1268 ξ
119 1203 234 1276 provo
253 1178 493 1281 medicatione
518 1188 573 1249 tot
595 1178 750 1248 militurn
774 1175 901 1258 lunera
926 1175 1083 1270 repetiit.

178 1302 298 1398 Ipsius
330 1314 450 1373 autem
482 1303 647 1374 doctrina
674 1301 731 1374 his
758 1300 1056 1396 generalioribus,
1089 1301 1166 1374 sire

78 1432 83 1439 ’
123 1421 272 1500 sum'mi's
292 1425 479 1522 principiis
500 1426 754 1524 comprehendi
778 1438 907 1522 potest

140 1560 143 1565 ’
171 1553 258 1626 Vita
290 1549 442 1620 stimulis
473 1564 695 1623 sustentatur
734 1550 902 1622 externis.
955 1550 1095 1623 ,sensus
1127 1533 1166 1622 et

122 1670 382 1749 contractilitns
398 1675 598 1748 vitaesunt
613 1675 760 1745 indices.
812 1675 888 1759 liae
905 1673 1008 1746 dotes
1026 1697 1164 1746 summo

103 1891 106 1894 ἦ
117 1799 296 1895 graduin
314 1797 358 1869 iis
379 1800 542 1896 portibus
558 1805 660 1880 sunt,
686 1798 875 1892 inquibus
895 1800 1064 1870 materies
1085 1799 1170 1894 pul·¹

122 1932 211 2019 poso
235 1947 371 1996 nervea
394 1923 486 1995 rasis
516 1924 744 2018 capillaribus
779 1922 1064 1994 intermiscetur:
1090 1945 1164 2017 quo
1201 1926 1203 1937 '

121 2048 306 2143 pertinent
347 2047 461 2128 cutis,
500 2036 686 2131 mucosae',
723 2070 847 2118 sensus
881 2047 1033 2122 extemi,
1086 2045 1167 2117 Pri-

120 2171 234 2241 maria
257 2170 396 2241 functio
411 2169 620 2242 assimilatio
642 2183 713 2252 est,
739 2196 828 2265 opus
849 2171 1013 2266 ehymiae
1038 2170 1169 2251 virm

120 2295 182 2367 cui
201 2307 372 2388 praesunt
392 2296 554 2390 inprimis
571 2297 674 2368 nervi
692 2296 946 2389 ganglionares.
995 2295 1066 2378 Per
1096 2293 1162 2365 hos

123 2418 281 2491 irritatio
304 2420 483 2502 viscerum
501 2419 665 2490 defertur
685 2420 731 2490 ed
756 2419 960 2500 cerebrum,
986 2418 1062 2490 site
1084 2441 1167 2488 sen·
1221 2410 1225 2416 ⁵

120 2544 255 2614 corium
276 2545 475 2614 commune.
524 2542 577 2614 Ex
596 2542 857 2614 sensationibus
883 2543 1061 2611 viscerum
1079 2525 1162 2612 nas·

121 2678 255 2738 cuntur
280 2665 473 2737 instinctus
501 2679 539 2738 et
563 2666 674 2738 animi
699 2667 916 2760 pethematu.
966 2662 1167 2735 ventrina-¹

120 2787 179 2862 lus
201 2802 364 2860 centrum
385 2800 441 2860 est
457 2790 699 2862 irritationum
719 2790 976 2885 organiosrum.
1025 2785 1078 2857 Ex
1096 2786 1164 2857 hu'-
1254 2867 1262 2884 .

77 2904 86 2909 ⁵*
112 2917 177 3012 jus
205 2927 243 2986 et
273 2913 525 2985 intestinorum
549 2915 830 2986 inflammatione
865 2911 1166 3007 (guerro-entem·-

118 3040 207 3129 tide)
229 3050 427 3110 noscuntur
452 3038 581 3112 febres.
630 3039 775 3113 Nullum
795 3049 850 3110 est
875 3039 971 3109 vitoe
994 3047 1171 3128 augmen-¹¹

117 3172 203 3266 tum,
222 3175 286 3233 aut
308 3162 580 3235 decrementum
608 3164 782 3258 generale.
832 3163 937 3249 Inter
963 3161 1163 3233 curandum
1193 3168 1194 3171 ’

117 3284 282 3379 inprimis
311 3286 357 3356 ad
391 3289 632 3360 ventriculum
660 3312 715 3359 ers
746 3284 934 3380 dirigende
964 3295 1029 3357 est
1088 3284 1162 3379 Qui

104 3391 234 3481 ¹nescit
272 3413 466 3483 ventriculi
499 3413 676 3484 moderari
691 3411 1010 3491 irritabilitatem,
1047 3407 1165 3480 nescit

115 3533 265 3604 mederi.
296 3631 299 3637 ¹
328 3533 493 3628 Cognitio
531 3536 726 3632 gastritidis
756 3550 795 3610 et
822 3531 1163 3631 gauro-enteritidis

117 3657 229 3729 cleris
251 3657 489 3753 pathologiee.

167 3780 273 3852 Hisce
297 3766 439 3875 positis,
466 3782 679 3878 intelligitur
701 3785 857 3855 auctoris
882 3782 1075 3854 medicatio
1096 3805 1161 3877 per

117 3904 375 3999 mucilaginee,
402 3886 665 4005 refrigerantia,
700 3907 843 3977 acidulo
870 3918 908 3977 et
933 3906 1165 4002 per‘hiru'di·

114 4051 204 4113 nos,
229 4030 428 4108 ventriculo
455 4031 667 4129 praesertim
689 4029 944 4128 intestinisque
971 4031 1167 4129 admorsu}
