2550 5040
88 383 292 449 annosornr
309 384 547 452 trs-amnem
573 358 791 446 usn'rcnur
809 384 1027 449 eunrorss.
1064 384 1104 448 aa
1196 428 1199 432 .

90 564 211 634 nititur:
251 585 404 656 cumque
432 560 493 632 elii
522 584 671 656 aquam,
704 562 765 631 alii
793 561 932 655 ignem,
958 564 1020 634 alii
1042 571 1105 634 ad·
1206 646 1210 654 .

90 686 245 767 romalii
274 696 406 754 terram
430 685 548 756 iecere
572 709 691 754 rerum
718 686 878 756 omnium
896 696 1121 781 parentem,'

90 808 156 879 haec
176 808 316 902 singula
333 809 642 903 philosophemata
666 811 850 902 conjunxit
871 811 1102 880 Earrnocsrs
1153 903 1155 907 ι

89 933 183 1026 sicque
204 944 331 1014 auctor
354 934 492 1004 exstitit
510 935 695 1004 doctrinae
715 934 761 1001 de
778 932 932 1026 quatuor
947 922 1102 1004 elemen-

35 1076 38 1081 ·
90 1055 133 1155 tis,
153 1079 243 1149 quae
268 1080 333 1150 per
358 1080 498 1127 omnem
522 1059 698 1128 theoriam
716 1058 893 1126 medicam
915 1056 1102 1152 antiquam

89 1202 170 1272 quam
186 1181 357 1250 latissime
379 1193 489 1273 patet.

122 1304 338 1374 Eussnoctns
369 1303 546 1397 principio
577 1304 706 1375 statuit
727 1329 839 1375 unum
866 1328 944 1374 esse
970 1306 1103 1376 omnia.

90 1423 158 1496 bein
178 1439 278 1496 certo
305 1436 462 1520 tempore
499 1452 542 1498 ex
562 1428 628 1497 sati
650 1430 729 1522 lege
754 1428 936 1498 subortam
966 1430 1103 1500 discor·

44 1568 50 1581 ·
89 1546 174 1631 diam,
196 1575 270 1644 quo
287 1550 436 1643 ¹sactum,
463 1562 505 1621 ut
526 1573 639 1620 unum
666 1551 756 1621 illud
775 1552 813 1620 in
834 1551 993 1622 diversas
1021 1572 1100 1646 par·¹

89 1679 126 1740 tes
151 1673 418 1745 distraheretur.
443 1690 446 1696 '
478 1674 538 1744 sic
569 1672 746 1744 exstitisse
778 1674 935 1766 ignem,¹
953 1684 1100 1758 aerem,

88 1775 219 1889 terram,
229 1821 376 1892 aquam,
403 1781 579 1867 exstitisse
601 1799 795 1869 amicitiam
813 1811 850 1868 et
864 1799 1097 1882 discordiam,

47 1962 52 1973 ·
86 1917 196 2014 singula
213 1945 277 2015 per
291 1947 328 1992 se
346 1933 422 1992 tota
440 1933 548 2016 atque
570 1920 724 2014 integra,
751 1922 820 1992 sibi
839 1924 993 1995 invicem
1012 1950 1099 1996 vero

86 2048 241 2138 opposita,
268 2046 358 2116 locis
377 2045 547 2126 disclusa,
574 2045 720 2115 naturis
728 2045 888 2126 diversa,
904 2059 1099 2119 -eaeterum

80 2182 236 2261 potestate
256 2170 376 2264 paria,
402 2181 550 2239 aeterna
571 2178 680 2263 ‘atque
705 2169 838 2240 divina.
868 2171 1000 2241 Postea
1017 2197 1099 2243 rur-

75 2317 123 2364 sus
142 2320 202 2366 suo
220 2306 380 2386 tempore
401 2291 596 2362 amicitiam
623 2292 779 2363 discreta
806 2295 984 2364 elementa
1002 2296 1097 2367 inter

10 2476 12 2485 .
70 2444 102 2489 ss
122 2419 301 2490 miscuisse
323 2429 521 2510 mutuaque
553 2439 678 2486 eorum
705 2418 878 2511 temperie
905 2418 1003 2490 huno
1030 2421 1098 2490 fin·

65 2545 149 2615 sisse
181 2542 363 2621 mundum:
415 2540 598 2628 'Amicitia
631 2564 736 2634 porro
763 2553 801 2612 et
832 2541 1012 2613 discordia
1039 2570 1097 2615 re·
1114 2598 1139 2619 -,

59 2653 447 2764 ςυαηὶἰὴυένίοἰεείω,
472 2665 659 2734 contrariis
690 2664 847 2751 motibus
872 2660 1013 2735 omneui
1036 2691 1097 2737 re·

54 2817 135 2866 rum
164 2790 448 2864 vicissitudinem
477 2787 565 2881 peri.
621 2789 673 2859 Ex
700 2789 843 2858 diversa
874 2800 996 2871 antem
1022 2790 1093 2862 ele·
1145 2823 1151 2830 ·

50 2927 264 3012 mentorum
276 2913 459 2983 ‘mistione
503 2922 541 2982 et
575 2912 732 3006 eorporis
775 2910 1021 2984 diversitatem
1055 2927 1095 2987 et
1177 2944 1182 2950 ·

50 3042 154 3116 raris
172 3059 445 3130 rerumgenera
469 3035 657 3130 variasque
685 3035 822 3127 speeies
843 3047 957 3107 natas.
1007 3041 1093 3110 Par-

48 3168 149 3238 tibus
179 3148 405 3254 rer'o'atque'
436 3136 621 3229 elemebtis
651 3146 831 3229 discordia
863 3134 1015 3232 turbatis
1048 3178 1092 3245 ao

47 3289 218 3369 divulsis,
246 3284 506 3378 aegritudines,
532 3282 690 3364 morbos,
715 3293 866 3353 mortem
888 3285 968 3354 fieri
993 3285 1064 3380 (Ἴ.

98 3412 165 3482 Cui
190 3411 282 3482 haec
300 3407 436 3500 legenti
452 3430 526 3477 non
544 3406 584 3477 in
599 3419 757 3492 mentem
780 3408 882 3479 venit
901 3410 992 3481 illud
1014 3414 1090 3484 Na-

43 3558 163 3610 sotus:
217 3558 224 3575 '

54 3759 222 3776 ῃ

85 3909 136 3980 (*)
162 3906 209 3964 Ct'.
234 3905 271 3981 S,
286 3905 434 3962 Ksusrsrt
462 3904 502 3962 V.
521 3903 565 3962 Cl.
590 3903 772 3985 Empedoclis
795 3904 995 3983 Agrr'gentini
1013 3903 1093 3964 Gar·

37 4014 154 4074 minum
174 4010 324 4090 reliquiae.
354 4008 511 4068 Amstelod.
536 4006 666 4068 a.1838.

870 4108 890 4168 3
