2566 5040
313 441 315 447 .
389 384 667 446 monnmsuns
683 353 879 444 amasus.
964 454 968 460 ,
1092 335 1195 448 κε’
1264 470 1267 477 Ι

108 584 224 657 opera.
245 590 251 602 ·
275 561 324 631 lli
342 560 408 630 sub
433 561 598 631 arborum
621 554 750 630 ‘umbra
777 560 963 653 aegrosin
981 560 1066 632 villa
1084 573 1148 633 'en-
1236 562 1241 570 ’

105 684 236 757 rabant
261 708 427 779 novaque
445 684 684 756 observabant
707 697 958 780 symptomata:
983 709 1146 759 somnum

107 809 249 880 scilicet
272 809 530 901 magnatium,
556 832 631 902 quo
654 810 810 902 eorporis
828 808 1070 880 conditionem
1087 811 1146 882 sni

104 933 327 1027 aliorumque
365 930 649 1026 cognoscebant,
689 956 784 1003 noro
821 956 927 1004 sensu
963 935 1142 1018 excitato,

103 1067 283 1149 tamquam
308 1054 483 1129 instinotu
504 1059 609 1150 longe
630 1056 1046 1151 rationi-anteponendo.
1075 1081 1076 1084 ’

151 1181 249 1250 liaeo
274 1201 420 1275 quoque
445 1181 680 1276 magnetismi.
695 1179 833 1275 speeies
855 1179 894 1248 in
915 1176 1143 1253 Germaniam

101 1301 284 1395 migrarit,
321 1302 469 1375 Bremaa
493 1306 703 1399 praesertim
732 1304 890 1376 exculta:
925 1325 994 1373 nee
1021 1313 1141 1375 tamen

101 1424 197 1519 apud
226 1424 476 1519 prudentiores
504 1451 666 1520 magnam
696 1439 803 1498 nacta
826 1437 882 1497 est
904 1426 1013 1497 fidem
1033 1429 1142 1523 eique

101 1551 200 1622 lavet
219 1550 402 1642 opinioni,
427 1571 520 1644 quae
540 1552 751 1646 phantasiae
771 1548 958 1644 plurimam
981 1549 1142 1622 lelioinm

99 1651 328 1747 curationum
354 1670 493 1769 partam
523 1673 712 1744 adscribit:
750 1697 832 1744 aum
859 1677 1142 1769 Mnsnnarejns-

99 1824 172 1895 que
194 1800 409 1870 asseclarum
426 1797 556 1890 agendi
571 1799 665 1868 ratio
679 1799 799 1892 potius
816 1799 969 1892 magiam
986 1811 1024 1870 et
1041 1801 1142 1872 theo·

100 1921 281 2016 sophiam,
306 1919 414 2016 quarn
432 1921 491 1992 vel
509 1919 708 2013 physicam,
724 1924 792 2018 'rel
812 1922 1069 2017 physiologiam
1089 1935 1141 2004 at-

99 2048 216 2118 tinere
238 2044 433 2115 videretur.
482 2044 618 2116 Verum
643 2045 755 2116 dubia
775 2047 963 2142 hucusque
987 2070 1043 2117 res
1069 2059 1140 2131 est,

96 2171 144 2242 de
171 2193 245 2264 qua
271 2192 315 2239 ex
347 2180 446 2239 certo
468 2171 701 2262 pronuntiare
729 2169 868 2241 tamdiu
896 2194 969 2242 non
992 2171 1136 2255 licebit,

93 2293 268 2391 quamdiu
289 2290 346 2385 ⁸ed
368 2290 517 2373 sanioris
552 2291 694 2364 eritioes
722 2294 819 2388 leges
844 2317 918 2365 non
943 2293 1055 2367 luerit
1081 2317 1139 2368 ex·

96 2431 186 2492 uota.
686 2398 689 2405 ⁵

142 2544 294 2615 Interim
312 2541 343 2612 si
366 2542 590 2635 magnetismi
618 2541 779 2613 animalis
807 2542 994 2614 historiam
1012 2561 1134 2622 mento
1157 2530 1159 2537 Α

91 2669 308 2749 recolamus,
335 2666 558 2748 videbimus,
585 2690 628 2737 ex
649 2665 797 2758 physico
818 2676 857 2736 et
874 2664 1137 2763 physiologiam

91 2794 207 2889 qualis
229 2791 335 2864 initio
355 2790 586 2874 credebatur,
611 2790 746 2861 lautum
761 2788 872 2861 luisse
893 2792 1072 2885 magicum
1097 2806 1136 2868 et

91 2917 342 3011 theosophum.
380 2917 469 2988 Nam
489 2939 572 2987 oum
589 2917 777 2987 Moenus
795 2915 950 3009 primurn
970 2928 1136 3011 magnete

89 3052 254 3113 uteretur
277 3053 317 3113 et
337 3041 493 3138 quadum
521 3040 716 3113 duceretur
741 3040 904 3111 electrioi
922 3037 1030 3109 fluidi
1050 3064 1136 3112 ana·

13 3212 15 3216 2
86 3165 201 3258 logia,
225 3167 468 3262 experimenta
485 3165 525 3235 in
546 3163 662 3237 Gallia
686 3175 790 3258 capta
811 3164 929 3257 ipsum
947 3163 1135 3238 charaeta·

85 3311 126 3360 re
148 3288 296 3383 physico
315 3292 514 3384 privarunt.
564 3288 707 3360 Deinde
725 3289 764 3358 in
786 3288 1030 3382 physiologiae
1052 3312 1135 3362 eas-
1232 3322 1236 3329 ⁴

87 3424 143 3485 tra
164 3437 202 3484 se
222 3415 401 3507 oonjeeitt
427 3436 554 3485 verum
578 3412 796 3508 hypotheses
820 3411 867 3482 de
881 3414 1133 3509 atmosphaera

86 3560 238 3615 norrea,
263 3535 310 3606 de
333 3537 441 3631 plexu
463 3539 570 3609 solari
596 3560 764 3608 sensnum
786 3547 1015 3608 externorum
1034 3539 1132 3610 vica·

84 3658 158 3742 rio,
183 3657 230 3730 de
251 3660 446 3732 intuitione
466 3663 622 3755 corporis
646 3660 869 3741 anatomioa,
902 3683 984 3731 curn
1010 3671 1132 3733 castae

83 3782 272 3857 doetrinae
287 3784 552 3880 physiologicas
576 3794 834 3880 repugnarent,
860 3782 1005 3856 tandem
1024 3807 1129 3875 sunm

82 3908 121 3978 in
143 3911 258 4002 magia
282 3909 422 3981 medica
451 3888 571 3981 locum
600 3909 790 4006 occuparit
820 3921 929 4006 atque
954 3907 999 3980 ad
1030 3919 1128 3982 reta·

83 4056 159 4104 rem
179 4034 428 4129 theosophiarn
448 4044 636 4106 revocatus
653 4045 718 4106 est.
