2566 5040
573 611 792 642 ψ

370 811 608 875 utulenta
635 811 987 873 ORIENTALIUM.

548 1029 825 1090 BABYLONII.

214 1278 315 1353 Attio
348 1272 511 1346 modicae
542 1268 730 1342 infantiam
764 1270 840 1340 eive
869 1280 1024 1342 aetatem
1056 1273 1199 1367 primam

166 1400 360 1501 explicabit
368 1398 469 1468 loona
480 1417 632 1490 sequens
642 1393 738 1487 apud
750 1393 1198 1476 HnnonorumHiatoo-e‘or.

164 1530 228 1602 lib.
249 1528 281 1598 1.
299 1544 377 1616 oap.
397 1515 488 1600 198,
513 1517 561 1589 de
583 1516 859 1612 Babyloniorum
884 1518 1081 1592 medioina:
1107 1522 1197 1594 »Ba-

166 1651 302 1750 bylonii
338 1651 509 1748 aegrotos·
535 1642 574 1711 in
608 1640 725 1729 lorum
764 1640 950 1736 publicum
991 1658 1196 1739 exportant:

163 1769 315 1847 medici·
345 1765 441 1838 enim
470 1788 544 1836 non
569 1775 729 1836 utuntur.
779 1765 838 1835 Ibi
865 1767 1046 1840 accedunt
1074 1771 1123 1842 ad
1146 1795 1200 1842 ae·

166 1908 365 1995 grotantem
401 1889 508 1986 eiquo
546 1887 593 1961 de
631 1886 789 1960 ourando
827 1890 951 1961 morbo
994 1894 1207 1972 consulunt,

167 2022 279 2119 aiquia
297 2018 374 2112 ipae
393 2010 538 2094 eodem,
570 2036 645 2108 quo
667 2014 751 2096 ille,
776 2012 952 2087 laboravit
970 2015 1119 2100 morbo,
1145 2021 1221 2091 aul
1266 1988 1274 2083 .-

110 2196 115 2205 ·
167 2145 278 2219 alium
294 2140 516 2212 laborantem
538 2136 641 2214 vidit
676 2136 865 2209 Adeuntes
883 2137 994 2233 igitur
1014 2140 1229 2214 consulunt

167 2268 392 2360 suadentque
413 2285 475 2342 ea,
500 2259 634 2356 quibus
656 2261 811 2357 quisque
840 2261 1008 2335 remediis
1033 2259 1236 2337 adhibitio

167 2396 225 2468 vel
253 2395 330 2487 ipae
359 2383 523 2457 morbum
554 2387 683 2468 evasit,
720 2386 779 2460 vel
807 2387 894 2460 alios
924 2385 1016 2459 vidit
1042 2389 1238 2460 aratiam

168 2515 320 2593 Silentia
354 2533 440 2583 vero
478 2511 674 2603 praeterire
712 2523 894 2604 aegrotum
930 2511 1068 2583 nemini
1099 2513 1237 2584 lieet.

166 2642 385 2741 priusquam
397 2635 688 2729 interrogaverit,
709 2656 866 2728 quonam
888 2634 1015 2708 morbo
1036 2621 1237 2707 laborat)

216 2770 315 2841 llaec
346 2785 389 2833 ea
421 2762 591 2831 astartis
628 2756 804 2842 conditio,
841 2762 984 2856 qualem
1015 2759 1113 2855 apud
1145 2768 1236 2830 not

167 2915 245 2965 eaeo
260 2887 376 2985 plebis
393 2894 431 2955 et
446 2882 668 2956 anicularum
687 2883 901 2955 medicinam
919 2885 1096 2956 novimus.
1146 2882 1239 2956 Εεῑ1

168 3013 318 3108 empiria
340 3008 473 3103 prima,
497 3020 553 3079 est
575 3009 688 3103 prima
710 3007 797 3079 artie
828 3007 947 3102 origo:
973 3031 1068 3103 quae
1092 2984 1178 3079 non
1207 2984 1232 3064 a

167 3133 393 3232 babyloniis.
420 3131 483 3203 aed
504 3131 551 3202 ab
576 3134 652 3227 ipsa
673 3132 812 3225 generis
828 3132 977 3203 humani
997 3131 1136 3226 origine
1153 3123 1229 3201 eet

167 3256 376 3356 repetenda.
435 3252 525 3327 Rem
560 3254 861 3328 animaduerterat
898 3255 1026 3328 Consus
1059 3259 1228 3348 eamqu⁶

170 3394 334 3482 apeotant
361 3381 453 3451 haee
483 3379 594 3474 ipsius
621 3380 752 3453 rerba:
792 3404 814 3450 »
830 3380 1009 3451 Medicina
1036 3380 1230 3475 nusquat¹²

169 3509 317 3602 quidem
357 3528 431 3574 non
462 3522 537 3575 eat:
572 3505 751 3601 siquidem
786 3505 894 3575 etiam
926 3501 1228 3598 imperitissimae

173 3645 296 3729 gentes
314 3627 444 3701 herbae
474 3627 615 3725 aliaque
642 3641 809 3724 prompta
830 3631 869 3699 in
892 3629 1065 3700 auxilium
1086 3623 1228 3699 vulne·

169 3782 250 3829 rum
274 3754 549 3846 morborumque
573 3756 783 3826 noverunt.’'

223 3879 341 3976 Igitur
363 3875 542 3947 medicina
564 3879 677 3971 prima
705 3877 815 3950 luisse
844 3877 989 3950 videtur
1018 3871 1232 3946 domestie⁸

173 4000 590 4104 paucarum'herbarum
619 4002 790 4086 scientia,
818 4015 923 4076 curta
951 3999 1129 4098 quaedam
1158 4007 1233 4066 re·
