2566 5040
113 369 177 436 282'
407 374 594 436 stupens
611 375 850 482 mansitant(

50 609 52 614 .
117 562 178 622 tur
202 553 318 625 versio
336 551 549 627 Germanica
567 555 694 649 Operis
717 553 916 628 Culleniani
933 551 979 626 de
998 552 1071 624 hoc
1090 575 1152 622 ar·
1196 543 1197 549 ¹

117 688 306 769 gumento,
332 702 426 774 qnae
450 703 482 749 a.
502 679 605 754 1790.
636 681 674 749 in
703 679 820 749 lucem
842 678 998 772 prodiit,
1022 676 1062 746 id
1094 676 1154 747 in·

116 799 239 895 primis
258 801 348 893 egit,
373 814 415 888 ut
429 802 703 874 medicaminum
722 804 817 873 vires
837 801 1047 894 exploraret.
1072 801 1167 898 Hoc

117 924 284 1005 consilio,
309 937 351 995 ut
372 925 440 1019 ipsi
456 925 502 997 dc
521 925 657 997 virtute
675 924 853 1019 febrifuga
871 925 1016 995 corticis
1036 924 1155 994 Peru-⁴

116 1049 216 1120 niani
238 1059 437 1132 constaret,
469 1066 534 1142 per
560 1049 680 1141 plures
706 1049 786 1119 dies
805 1041 971 1142 quotidie
999 1043 1154 1138 sumpsit

69 1247 72 1256 ,Ἰ
116 1169 274 1243 drachm.
295 1170 330 1243 l.
354 1174 497 1245 corticis
516 1171 705 1242 laudabilis
724 1173 835 1267 idque
860 1168 1072 1245 valetudine
1088 1192 1153 1262 op·

117 1296 215 1366 tima.
263 1295 355 1367 Inde
373 1296 485 1392 pedes
501 1309 539 1368 ct
553 1297 672 1390 apices
687 1294 881 1388 digitorum
891 1273 1047 1388 frigere,
1061 1291 1154 1364 'eor-

115 1438 184 1513 pus
200 1431 358 1514 torpete,
373 1420 652 1492 'somnolentiam
670 1418 859 1513 obrepere,
879 1440 942 1489 cor
956 1416 1152 1512 palpitare,

116 1544 258 1637 pulsum
274 1542 479 1624 durescere,
504 1541 711 1622 accelerari,
737 1541 952 1613 anxietatem
967 1540 1150 1625 subnasci,
1179 1636 1181 1642 Ι

117 1666 424 1763 horripilationes,
446 1665 709 1739 dedolationem
727 1677 899 1750 artuum,'
912 1666 1161 1760 pulsationem

60 1852 62 1856 .
117 1792 263 1886 capitia,
288 1791 454 1863 ruborem
472 1811 659 1885 genarum,
685 1793 800 1874 sitim,
825 1790 929 1862 breti
946 1800 1080 1860 cuneta
1099 1787 1152 1859 fe·

114 1913 234 1987 brium
251 1914 565 2001 intermittendum
583 1915 683 2009 signa
696 1915 910 1989 observavit.
959 1912 1064 1984 Idem
1082 1908 1152 1982 ¹cir.

116 2055 159 2109 ca
183 2037 253 2108 alia
274 2040 432 2111 remedia
451 2039 706 2112 animadvertit
724 2062 914 2136 rerumque
935 2038 1164 2125 testimoniis

78 2236 80 2241 ,
116 2161 355 2246 demonstrat,
378 2164 510 2260 quibus
524 2166 700 2245 collectis,
720 2163 888 2236 instruxit
902 2185 1061 2254 organon
1079 2186 1151 2232 rue·

117 2285 312 2356 diuinaeet
324 2287 577 2381 promulgarit,
596 2288 688 2359 libro
705 2287 805 2359 edito
818 2288 972 2382 primum
984 2310 1016 2358 a.
1039 2286 1150 2368 1810.

117 2408 249 2480 deinde
275 2433 305 2480 a.
327 2408 608 2487 182tet⁴1822
630 2413 797 2508 repetito.

165 2535 350 2604 Summum
365 2533 497 2606 medici
511 2537 668 2608 officinm
680 2549 751 2619 est,
765 2538 816 2608 ita
830 2535 991 2630 disputat
1004 2546 1162 2618 aneton·

109 2652 341 2750 'aegrotantes
358 2683 494 2731 sanare.
542 2661 621 2732 Hoc
640 2662 805 2768 exsequi,
828 2660 899 2731 nisi
920 2659 1054 2749 morbis
1071 2683 1150 2753 cog·

13 2773 17 2782 ’
99 2781 223 2863 vnitio,
242 2783 386 2877 nequit.
433 2785 570 2855 Horum
591 2797 712 2857 autem
731 2785 887 2878 cognitio
912 2807 953 2854 ea
978 2783 1152 2854 duntaxat

117 2906 255 3000 acquiri
288 2916 431 3000 potest,
469 2930 563 3001 quae
598 2919 871 3002 symptomatum
904 2908 1151 2980 observatione

116 3039 365 3122 comparatum
393 3028 526 3123 quibus
551 3033 675 3105 sedulo
704 3032 899 3117 observatis
925 3044 965 3102 et
995 3032 1153 3112 notatis,

100 3150 321 3252 'quaerenda
339 3151 518 3224 medicina
540 3169 615 3238 est,
638 3181 731 3253 qnae
756 3155 999 3227 conditionem
1018 3153 1150 3225 inferro

116 3276 236 3349 valeat
267 3279 559 3370 symptomatibus
586 3282 721 3351 notatis
748 3280 986 3372 persimilem,
1016 3288 1154 3349 'secun-

115 3397 201 3468 dum
231 3399 326 3470 hane
352 3401 509 3491 regulam
539 3403 881 3497 homoiopathicam:
917 3401 1072 3473 debilior
1100 3401 1155 3472 ai-

115 3521 227 3593 sectio
247 3522 433 3617 dynamica
446 3525 489 3595 in
509 3529 707 3620 organismo
730 3528 814 3599 viro
837 3526 979 3598 fortiori
1007 3527 1156 3621 suppari

117 3646 267 3729 tollitur.
319 3644 450 3743 Nempe
471 3651 689 3744 organismos
708 3653 819 3744 magis
839 3651 1067 3745 validiusque
1092 3672 1158 3744 per

15 3760 19 3775 '
115 3764 333 3853 medicinus,
353 3797 461 3868 mam
482 3799 545 3869 per
560 3777 701 3847 morbos
713 3777 869 3847 afficitur
886 3773 996 3868 idque
1015 3773 1158 3845 ratione

118 3893 265 3984 quidem
291 3893 481 3970 indefinita
500 3909 538 3969 et
560 3902 741 3972 absoluta:
776 3899 945 3995 quocirca
971 3898 1160 3968 morbifica

119 4015 253 4088 virtute
273 4019 477 4098 medicinali
498 4022 654 4106 fortiori,
683 4025 810 4097 eodem
833 4025 913 4095 loco
940 4023 1160 4120 easdemque
