2566 5040
135 364 173 431 12
250 370 305 432 DE
322 367 598 435 omeursumlr
615 367 806 430 MEDICINA
827 367 1036 435 numeret.

131 541 219 621 roro
245 546 465 621 medicinae:
501 557 705 629 anatomen,
737 546 1014 644 physiologiam.
1037 544 1171 642 patho·

131 663 264 766 logiam
283 696 426 768 prorsus
444 673 662 766 ignorarunt.

181 797 266 890 Ipsa
285 807 408 869 eutem
435 808 509 866 tam
540 801 639 866 arcto
668 794 887 888 cognationis
910 793 1056 867 vinculo
1085 817 1171 865 curn

131 920 304 1014 religione
341 887 613 1001 eontinelratur,
643 928 690 987 nt
717 931 798 987 cum
830 918 939 1011 hujus
967 919 1173 1012 praeceptis

132 1062 176 1115 uc
200 1042 331 1116 ritibus
351 1044 460 1115 sacris
486 1018 696 1114 cohaereret
721 1053 830 1136 atque
854 1043 899 1111 ab
922 1041 1048 1112 eodem
1068 1041 1173 1112 fonte

129 1166 247 1262 petita
266 1166 465 1263 iisdemque
484 1165 559 1237 iere
582 1165 722 1258 legibus
743 1165 914 1236 adstricta
932 1165 1128 1237 rideretur.

143 1347 150 1359 .,
181 1289 280 1360 llaec
306 1299 350 1362 ut
380 1291 468 1362 artis
500 1291 684 1372 declarant
711 1286 923 1370 infantiam,
954 1287 1007 1359 ita
1034 1312 1173 1382 nequa-

133 1433 264 1506 quam,
288 1421 332 1484 ut
353 1434 539 1506 perperam
568 1412 749 1484 nonnullis
771 1411 817 1481 de
847 1410 998 1484 historia
1018 1413 1174 1484 medica

133 1533 339 1606 auctoribus
358 1535 516 1629 placuit,
538 1535 740 1640 medicinae
766 1534 987 1607 incrementa
1011 1536 1175 1608 retarda-

133 1659 237 1740 runt.
261 1657 390 1751 majori
410 1671 535 1730 contra
554 1657 717 1731 veritatis
740 1658 859 1753 specie
879 1682 922 1729 ex
940 1660 1017 1753 ipso
1035 1660 1176 1753 ingenii

133 1782 236 1853 culto
251 1780 415 1875 prolecta
444 1806 541 1854 esse:
566 1781 763 1878 quinimmo
785 1780 833 1852 ad
852 1783 1023 1877 majorem
1046 1783 1176 1853 huma-

134 1905 262 1978 nitatis
290 1907 448 2003 artisque
475 1904 758 2002 progressionem
781 1906 876 1977 riam
897 1910 1083 1990 stravisse,
1115 1930 1183 1980 re·

133 2028 295 2125 pulenda
315 2041 409 2103 sunt

415 2240 885 2353 consessores

203 2530 241 2602 1.
278 2528 339 2604 An
361 2529 446 2626 jure
471 2538 658 2611 statuunt,
683 2508 937 2626 'AEgypticrum
964 2531 1102 2626 cultum
1135 2545 1178 2606 et

281 2654 504 2751 cognitiones
532 2652 579 2724 ad
611 2640 801 2725 Hebraeos
824 2629 1005 2725 transiisse
1037 2654 1178 2752 hasque

139 2819 150 2841 .
278 2779 421 2850 illorum
439 2773 487 2848 ad
509 2776 687 2870 exemplar
710 2775 820 2850 luisse
839 2777 1101 2850 conformatas?

193 2906 247 2980 ΙΙ.
283 2903 448 2999 Quonam
476 2900 655 2999 principio
691 2899 809 2995 posito
840 2901 973 2971 artium
1008 2902 1178 2975 scientia.

280 3050 433 3122 rumque
467 3023 568 3120 apud
594 3024 795 3098 Orientales
825 3023 985 3097 conditio
1016 3028 1179 3100 omnium

138 3201 144 3208 -
281 3151 452 3226 facillime
473 3145 713 3240 intelligitur?

171 3275 247 3351 111.
273 3273 409 3370 Qualis
438 3269 511 3344 luit
539 3269 741 3342 medicinae
769 3270 808 3342 in
839 3272 988 3348 Oriente
1017 3274 1110 3347 ratio
1137 3266 1181 3350 et
1231 3308 1240 3326 ·

142 3440 145 3443 ·
280 3396 443 3472 indoles?
691 3472 693 3476 ,

187 3528 341 3606 Fontes,
365 3545 410 3593 ex
433 3518 565 3616 quihus
595 3521 836 3595 Orientalium
863 3545 940 3604 res,
963 3544 1098 3607 mores,
1122 3527 1179 3593 in-

140 3650 309 3746 geniique
339 3645 460 3717 cultus
496 3643 741 3740 quamoptime
770 3654 1054 3740 cognoscuntur,
1094 3659 1182 3720 sunt

138 3775 328 3846 neesson
355 3780 396 3842 et
427 3768 586 3842 monost
614 3770 734 3845 Srcru
768 3767 868 3858 libri;
901 3765 1063 3867 inprimis
1093 3793 1181 3842 sero

138 3895 325 3976 errssm
347 3896 500 3970 sacam.
