2566 5040
426 375 565 442 FRED.
591 373 869 441 HOFFMANN.
1079 406 1082 413 ’
1114 379 1172 449 tlt

135 559 213 652 ipse
225 554 456 627 Lntnurrsruu
473 552 726 650 philosophum
743 553 900 627 faciebat
913 549 1072 649 plurimi,
1091 553 1174 629 liu-¹

123 681 188 774 jus
217 704 289 751 non
319 693 455 750 torosus
479 680 541 752 ille
567 690 664 762 erat,
687 679 803 774 qualis
829 665 1068 752 Romanurn
1083 666 1177 765 ,cord

127 805 227 900 poris
246 803 415 883 habitus,
441 804 504 875 sed
527 816 629 877 tener
650 829 693 877 ac
713 806 872 900 gracilis,
902 805 940 875 in
955 802 1174 900 ,hypochow

128 928 264 999 driusin
290 940 328 997 ct
358 926 523 1021 phthisin
548 931 729 1023 proclivis.
780 930 866 1005 tam
887 953 994 1003 senex
1009 979 1012 984 -
1025 951 1173 1003 manum

85 1079 90 1096 ⁶
126 1052 230 1147 operi
246 1049 405 1135 admovit
419 1049 612 1146 ,ediditque
631 1052 833 1125 medicinae
856 1028 1047 1124 rationalis
1061 1062 1187 1147 systes

126 1199 195 1247 ma:
223 1174 332 1269 idque
353 1198 426 1245 non
456 1175 777 1271 discipulorumin
802 1200 927 1259 usum,
963 1175 1038 1247 sed⁸
1053 1174 1181 1248 doctis

125 1302 261 1395 pariter
290 1282 516 1396 indoctisque
545 1299 738 1396 seriptum:
777 1325 851 1397 quo
874 1298 1099 1376 medicinam,
1116 1277 1176 1370 le?

89 1455 93 1460 ·
124 1428 179 1498 cit
200 1427 418 1523 popularem.
535 1489 537 1495 ,
633 1440 635 1445 “
833 1404 840 1408 .
870 1518 872 1522 Ι
1145 1506 1151 1517 „

127 1621 130 1626 .
173 1550 401 1644 Asanguinis
420 1547 672 1633 circulatione,
691 1562 734 1622 ut
748 1551 1022 1629 Romanam,
1036 1545 1166 1628 uitam,
1277 1573 1279 1578 ·

125 1677 334 1757 sanitatem,
352 1672 692 1767 morbos-repetens,
708 1674 850 1768 longius
866 1671 1059 1768 processit,
1071 1681 1169 1740 cami

123 1823 197 1896 quc
230 1797 429 1870 doctrinam
456 1821 538 1868 cum
567 1797 813 1894 therapeutica
839 1820 1006 1894 cumque,
1027 1793 1167 1868 nosolo-

123 1925 182 2020 gin
207 1924 304 1995 omni
327 1923 523 2017 conjunxit.

81 2031 83 2034 Δ
171 2047 363 2142 Sanguinis
386 2046 557 2118 circuitus
576 2058 704 2123 auctus
721 2049 751 2121 si
769 2047 904 2130 luerit,
925 2046 1002 2140 ipsa
1019 2055 1077 2117 est
1100 2041 1164 2116 illa

119 2173 314 2245 decantata
340 2182 490 2242 naturae
506 2163 570 2245 ¹ris
593 2173 804 2245 medicatrix
832 2173 1014 2266 incoque
1037 2181 1164 2241 etex·
1209 2260 1213 2267 Ι

116 2294 344 2368 cretionibus
366 2295 436 2366 rite
463 2296 689 2369 moderandis
712 2309 789 2376 tota
813 2307 977 2398 versatur
1001 2316 1057 2364 ars
1084 2317 1162 2364 me·

122 2420 295 2492 dicorum.
335 2416 445 2513 Cujus
466 2421 637 2493 circuitus
656 2422 932 2494 instrumentum
952 2419 1162 2514 primarium

121 2558 178 2618 est
206 2570 284 2627 cor,
320 2544 417 2638 quod
448 2545 641 2635 suscitatur
668 2546 862 2637 sanguine,-
891 2545 1041 2614 humore
1075 2566 1163 2615 vere
1206 2544 1208 2547 ’

121 2670 244 2751 vitali,
271 2680 372 2764 parte
391 2667 563 2763 praeditov
578 2667 768 2749 aetherea,
791 2645 1041 2748 subtilissima,
1066 2665 1181 2761 qun'e

120 2817 166 2864 ex
193 2794 364 2886 sanguine
391 2817 456 2889 per
486 2792 674 2864 cerebrum
704 2801 860 2872 secreta,
883 2786 1047 2860 fluidum
1068 2799 1189 2861 ,ners

118 2942 228 2991 veum
248 2917 399 3000 dicitur,
426 2919 566 2990 cunctis
591 2901 752 3012 partibus
780 2938 924 3013 sensum
949 2923 1161 3010 motumque

114 3043 302 3125 tribuens,
328 3053 476 3116 cunctas
492 3041 709 3137 pervadens,
733 3041 914 3122 nutriens,
939 3039 1110 3116 animans.
1160 3027 1161 3030 ¹

162 3166 293 3259 Qualis
315 3170 425 3240 estin
449 3144 576 3249 corde,
602 3166 684 3238 talis
699 3167 738 3236 in
758 3188 905 3260 corpore
924 3165 1093 3237 universo
1109 3164 1161 3235 al·

113 3287 222 3362 terna
246 3283 376 3387 systole
397 3305 506 3390 atque
529 3266 697 3373 didstole,
722 3291 860 3363 alterna
882 3290 1080 3361 contractio
1103 3299 1161 3364 est

116 3426 157 3486 et
179 3415 360 3486 relaxatio.
409 3418 569 3514 Uterque
600 3441 750 3489 excessu·
767 3439 917 3511 peccare
938 3425 1069 3509 potest.
1108 3413 1159 3487 si

117 3540 249 3635 systole
275 3540 452 3623 excedat,
475 3542 519 3615 fit
548 3565 724 3639 spasmus,
757 3543 787 3613 si
816 3540 988 3621 diastole,
1015 3535 1156 3621 atonis,

113 3688 210 3759 quae
232 3649 369 3736 summu
387 3678 471 3738 sunt
494 3666 699 3750 morborum
727 3686 1072 3760 genera,·quorsum
1098 3686 1157 3734 re·

112 3786 215 3881 lique
242 3789 353 3860 lerme
380 3791 679 3865 omniarevocari
701 3773 870 3886 possunt,
910 3791 1077 3883 Spasmus
1097 3787 1158 3861 vel

114 3933 231 4004 genus
259 3937 423 3986 vasorum
450 3917 581 4000 afficit,
606 3919 665 3992 vel
694 3941 842 4022 nervos,
883 3914 923 3987 Si
946 3916 1155 3988 uniuersum

99 4056 284 4110 susorum
320 4051 473 4134 systema
508 4041 820 4130 tencat,..lebris,
850 4040 881 4114 si
910 4052 1049 4138 partem
1071 4039 1176 4117 ain-¹
