2566 5040
416 408 810 473 novtuouat.
1077 412 1134 475 lli

107 587 195 667 aliis,
227 609 299 656 nec
325 586 454 655 minori
483 585 632 656 forsitan
652 589 756 682 jure,
791 588 839 657 ad
862 585 999 681 typhos

145 712 237 784 Gmn
255 711 326 779 bac
342 709 457 778 morbi
470 708 619 780 historia
636 712 789 781 conlerri
802 725 961 782 meretur
975 712 1133 808 descrip-

103 835 154 905 tio
171 836 328 905 nicom
344 853 392 903 nu
412 833 544 902 Vmor,
564 833 604 900 in
619 831 721 904 Hira
740 832 861 926 Regni
872 834 991 906 Hear.
1011 837 1086 908 Vll
1097 861 1131 930 p

104 958 149 1031 18
169 955 237 1026 Ed.
259 954 369 1045 Lugd.
398 952 500 1028 1647.
548 954 587 1024 Is
609 955 773 1025 morbum
798 956 907 1028 lebris
931 961 1135 1054 pestilentis

99 1102 212 1175 genua
236 1089 359 1161 vocat,
391 1078 467 1148 sive
498 1077 693 1170 malignum
731 1102 899 1172 vaporem
927 1091 966 1151 et
995 1106 1132 1163 auram,

100 1227 162 1274 cor
191 1203 408 1296 spiritusque
439 1200 568 1271 vitales
598 1210 782 1294 petentem
813 1215 852 1272 et
878 1215 1131 1298 occupantemt

100 1325 200 1396 mide
225 1337 355 1395 natura
382 1324 606 1396 excitabatur
631 1323 677 1394 ad
711 1323 866 1394 eundem
894 1350 961 1420 per
984 1327 1132 1401 sudores

102 1446 348 1520 abundum
407 1450 569 1519 Potuisse
604 1460 725 1518 autem
765 1472 829 1540 per
858 1449 1134 1543 experientiam,

103 1571 351 1669 quodmorbus
361 1572 428 1643 iste
437 1584 566 1643 natura
576 1573 697 1666 potius
706 1572 907 1644 insidiatrix
917 1584 1011 1654 erat,
1025 1596 1133 1669 quam

104 1699 273 1770 adversus
287 1695 448 1767 remedia
460 1696 679 1775 obstinatus,
704 1697 735 1767 si
750 1697 960 1791 intempore
978 1697 1135 1768 subven·
1229 1693 1234 1703 '

106 1831 178 1893 tum
210 1820 315 1891 foret.
364 1819 508 1890 Etenim
531 1819 562 1890 si
589 1832 755 1912 aegrotus
777 1817 1016 1914 inaequabili
1043 1834 1136 1892 tem·

103 1956 308 2038 paramento
335 1942 456 2038 quoad
488 1956 606 2015 restes
631 1955 670 2015 et
694 1942 815 2014 iocum
839 1943 1009 2014 detentus
1042 1957 1137 2016 esset

101 2066 335 2162 tepidumque
362 2067 512 2137 bibisset
539 2079 577 2138 et
604 2067 772 2137 cordialia
800 2067 908 2138 etiam
938 2077 1137 2162 temperata

99 2192 305 2262 sumsisset:
330 2192 427 2261 unde
443 2203 592 2262 naturae
609 2192 721 2284 ipsius
740 2213 829 2284 opus
839 2215 909 2261 uec
928 2193 1044 2261 calore
1058 2191 1137 2260 irri-

97 2324 256 2396 taretur,
280 2339 348 2385 nec
363 2316 493 2408 frigore
507 2315 758 2409 repelleretur,
779 2313 990 2410 plerumque
1004 2315 1137 2386 sanita-

96 2446 176 2509 tem
198 2460 276 2508 esse
304 2451 472 2509 secutam
521 2439 656 2510 Verum
679 2439 884 2510 innumeros
906 2437 1071 2509 homines
1091 2463 1136 2509 ex

96 2582 143 2632 cc
164 2561 286 2631 subito
308 2562 532 2646 occubuisse,
568 2574 761 2655 antequam
789 2561 983 2635 curationis
1007 2564 1134 2635 modus

96 2692 138 2756 et
156 2685 318 2779 regimen
337 2687 476 2782 aegroti
497 2689 746 2756 innotesceret.

146 2808 272 2902 Atque
295 2808 391 2896 haec
408 2810 583 2880 hactenus
600 2809 646 2879 de
670 2810 800 2880 sudore
823 2806 993 2901 Anglico,
1031 2809 1135 2905 cujus

96 2916 230 3006 natura
249 2932 337 3003 mihi
356 2933 480 3003 saltem
496 2933 654 3002 noudum
676 2932 784 3027 probe
807 2933 951 3027 cognita
967 2932 1133 3006 habetur.

145 3055 253 3140 Alter
268 3056 412 3127 morbus
430 3057 469 3126 in
485 3046 576 3126 haec
603 3070 764 3152 tempora
791 3058 954 3128 incidens
979 3069 1034 3130 est
1059 3059 1135 3130 laos

98 3206 271 3264 verteres,
298 3183 373 3254 sive
396 3181 565 3275 syphilia
587 3181 640 3252 de
662 3207 734 3276 quo
761 3183 885 3253 morbo
910 3206 1059 3277 maguae
1083 3185 1138 3254 in·

99 3315 158 3375 ter
185 3306 345 3376 eruditos
368 3306 521 3396 agitatae
544 3318 629 3375 suut
652 3306 735 3376 lites
762 3320 800 3378 et
825 3309 1031 3378 adhucdum
1063 3310 1138 3401 agi·

99 3438 249 3510 tantur,
285 3431 364 3499 aliis
396 3430 441 3498 ab
477 3429 644 3500 Ameriae
676 3431 948 3524 repetentibus3
980 3433 1060 3502 aliis
1093 3454 1139 3503 ex

102 3552 244 3634 Africa,
265 3555 343 3624 aliis
359 3576 401 3622 ex
413 3553 554 3646 Europa
566 3555 674 3648 inque
689 3555 832 3649 Europa
849 3580 893 3625 ex
907 3555 976 3624 alia
995 3556 1136 3649 aliaque

97 3688 211 3767 gente
238 3677 475 3748 diversimode
507 3679 678 3771 originem
702 3677 980 3773 explicantibus:
1007 3689 1049 3748 ut
1075 3674 1138 3749 ulii

103 3798 193 3870 alios
222 3811 431 3871 accusarent
449 3803 615 3895 populos,
639 3803 737 3898 quod
751 3804 843 3876 satis
863 3802 1047 3894 declarat,
1066 3799 1139 3877 ori·

101 3922 222 4013 ·ginem
241 3924 413 3994 incertam
433 3949 529 4005 esse,
552 3923 850 4019 quemadmodum
870 3927 1024 4020 plurium
1045 3945 1138 3998 mor·

110 4041 232 4119 borum
250 4071 326 4119 esse
346 4048 571 4143 popularium
586 4053 761 4129 norimus.
799 4048 917 4125 Etiam
935 4047 1047 4122 forma
1064 4070 1137 4122 non

411 4190 414 4196 ,
794 4162 795 4166 ’
896 4167 952 4228 10⁸
