2550 5040
112 397 221 464 ¹tor
518 389 865 470 zoouocra

210 578 349 649 Eximia
368 577 436 648 hac
455 578 646 672 organismi
664 580 827 650 animalis
847 585 1115 676 comparatione
1134 588 1213 680 ipsa

119 702 121 708 '
164 701 388 796 physiologia
406 701 564 772 humana
583 705 738 796 profecit
760 706 954 798 plurimum
973 720 1011 778 et
1031 710 1213 806 physiolo-

163 829 243 920 giae
266 838 490 920 comparatae
502 827 603 919 jacta
625 838 709 897 sunt
730 827 978 912 fundamenta,
1004 835 1111 926 cujus
1133 861 1211 928 spe-

164 951 282 1021 cimen
300 949 371 1021 hoc
390 952 503 1022 lustro
531 953 690 1046 vulgavit
715 950 806 1021 Arta.
824 950 940 1024 Deciis
969 954 1007 1023 in
1036 954 1210 1029 facultate

162 1075 304 1146 medica
320 1076 573 1170 Monspeliensi
595 1075 794 1161 Professor:
818 1078 917 1172 quod
936 1101 1020 1148 cum
1033 1079 1096 1161 iis,
1116 1105 1208 1176 quae

162 1198 209 1270 de
240 1189 405 1269 anatome
435 1211 473 1271 et
502 1198 725 1306 physiologia
748 1204 950 1295 plantamm
975 1203 1206 1296 prodierunt,

163 1322 418 1416 speciminibus
446 1324 484 1394 in
509 1348 608 1420 spem
631 1348 697 1394 nos
723 1324 868 1417 erigunt
892 1323 1038 1398 futurae
1065 1328 1207 1423 physio·

161 1446 278 1540 logiae
298 1461 523 1544 comparatae
543 1448 733 1543 utriusque
750 1446 852 1541 regni
876 1451 1038 1541 organici
1056 1476 1206 1550 eamque

162 1582 353 1643 secuturae
371 1562 596 1667 comparatae
608 1573 859 1667 pathologiae3
879 1572 1013 1669 quibus
1024 1573 1062 1644 si
1078 1575 1207 1669 gaude·

163 1717 301 1780 remus,
328 1696 504 1769 theoriam
524 1695 740 1797 haberemus
757 1696 869 1789 magis
891 1719 1012 1773 veram
1031 1713 1070 1773 et
1089 1699 1205 1773 fidam.

543 1992 833 2018 w

183 2196 185 2199 ’
303 2212 516 2289 nlsromsa
532 2207 754 2271 sarnatus
773 2210 825 2266 ur
844 2210 1067 2268 uanrcmaa

370 2306 584 2376 occasuro.
598 2350 638 2365 -
656 2313 1002 2400 ausanoaonocra.

168 2646 174 2655 ,
202 2568 267 2640 Est
281 2566 406 2662 ingens
420 2568 583 2663 prolecto
593 2568 744 2641 historia
762 2578 930 2648 naturae,
945 2591 1039 2667 quae
1054 2566 1206 2650 telluris.

151 2693 355 2775 'fossilium,
389 2695 611 2789 plantarum,
648 2694 854 2765 animalium
890 2692 1079 2762 historiam
1115 2717 1207 2763 com·

163 2820 337 2916 plectitur
360 2843 526 2915 quaeque
549 2831 591 2889 ut
609 2819 747 2913 pridem
768 2842 789 2886 a
810 2817 938 2887 summi
963 2818 1100 2911 ingenii
1122 2817 1207 2888 viris

166 2945 264 3015 culta
291 2955 367 3027 cst,
403 2944 454 3013 sic
482 2968 598 3038 nuper
629 2944 774 3015 demum
800 2967 844 3011 ea
873 2953 973 3035 parte
996 2952 1052 3012 est
1086 2955 1206 3022 aucta,

162 3093 257 3164 quae
285 3068 468 3163 hominem
491 3078 640 3162 spectat.
690 3067 799 3157 Quod
821 3068 950 3137 mirum
973 3089 1051 3136 esse
1074 3065 1207 3136 nemini

163 3195 318 3290 poterit,
353 3194 417 3290 qui
452 3193 676 3287 reputaverit
707 3205 744 3262 et
770 3194 822 3262 rei
855 3190 1143 3285 magnitudinem
1172 3199 1208 3260 et

165 3319 366 3390 studiorum
384 3318 624 3393 humanorum
644 3318 844 3389 naturalem
872 3316 1024 3387 maxime
1050 3338 1207 3411 progres-

165 3679 287 3740 nature,
307 3667 342 3725 ils
363 3678 445 3742 sont,
467 3689 544 3744 pour
559 3668 634 3725 ainsi
655 3668 732 3740 dire,
752 3687 789 3725 en
811 3664 1012 3725 commuuaute
1031 3663 1069 3720 de
1087 3674 1208 3721 travam

165 3785 195 3832 ct
212 3774 248 3831 de
264 3776 384 3842 succes3
407 3785 438 3830 et
455 3795 573 3852 pourvu
597 3781 706 3850 qu'une
726 3772 903 3829 deeouverte
926 3770 983 3828 soit
1006 3767 1095 3845 saite,
1115 3767 1134 3825 il
1151 3767 1209 3824 leur

165 3878 289 3956 importe
300 3899 360 3956 peu
369 3923 378 3951 ,
396 3879 446 3956 qui
463 3879 553 3937 d’eux
569 3900 608 3937 ou
625 3880 660 3938 dc
675 3879 755 3936 leurs
768 3875 839 3933 amis
854 3874 1029 3951 yattachera
1046 3893 1101 3930 son
1109 3877 1208 3930 nom'.”

168 3984 282 4053 (Lettre
305 3985 341 4043 de
370 3984 409 4043 G.
437 3988 563 4046 Cuma
592 3983 654 4040 iel.
680 3985 715 4042 C.
737 3983 921 4057 Mannaun.)
968 3981 1014 4038 Eu
1041 3999 1107 4058 quo·
1126 3977 1210 4035 animi

164 4085 267 4148 lubitu
283 4109 347 4151 asse
366 4089 553 4153 scientiarum
567 4086 693 4150 cultores
709 4091 841 4165 oportett
