2566 5040
120 368 180 454 ²⁶9.
363 362 469 425 Nova
489 360 689 422 DOCTRINA
709 363 916 461 trluouuu

133 608 137 631 ἶ
171 538 295 634 Atque
325 536 395 628 hoc
424 549 590 632 respectu
612 549 648 608 et
673 539 721 609 ab
737 541 949 636 antiquiore
981 541 1175 636 Bnowrtu„

123 675 161 761 et
180 687 202 734 a
220 663 417 743 recentiori
440 664 685 774 'Bucussarssu
714 664 879 771 dpctrina
909 667 1042 750 distat.
1068 673 1164 767 quod

120 788 363 875 characterem
392 786 530 887 ¹habeat
557 787 906 887 pharmaceuticum,
941 815 1063 888 neque
1083 820 1164 867 con.

96 924 221 1005 'tenta
246 912 293 984 sit
313 922 527 1008 paupertate
550 913 618 980 ista
647 913 833 995 aaaron,
868 914 974 1014 cujus
1003 905 1162 1012 supellex

117 1035 260 1109 medica
290 1048 432 1135 praeter
465 1037 757 1132 antiphlogistica
789 1038 974 1132 vulgaria,
1009 1043 1160 1126 tunicis,

119 1127 313 1247 cardiacis,
334 1160 600 1232 stimulantibus
623 1137 851 1243 continetur,
887 1187 1007 1260 neque
1043 1166 1161 1260 inopia

117 1287 373 1381 Buoussatssn,
398 1309 491 1383 quae
513 1297 656 1381 praeter
675 1284 900 1380 depletiones
929 1289 1026 1359 intra
1046 1293 1158 1361 muci·

113 1411 269 1506 laginea,
289 1411 484 1493 diluentia,
510 1409 758 1505 refrigerantia
778 1390 852 1480 lere
884 1410 1103 1486 subsistebat
1117 1427 1154 1488 et

111 1545 240 1607 exacte
273 1535 515 1605 characterem
549 1534 771 1628 exprimebat
803 1537 1156 1639 anatomicochirur·

116 1659 234 1754 gicum
273 1659 475 1730 medicinae
509 1656 691 1732 Gallorum
726 1680 912 1755 quaeque
930 1661 1045 1732 omnis
1083 1674 1154 1734 erat

115 1784 267 1858 lundata
286 1784 325 1855 in
343 1796 506 1855 anatome
533 1782 779 1876 pathologica:
806 1783 904 1878 quod
926 1808 1000 1877 quo
1018 1786 1151 1881 plenius

115 1888 304 2005 adpareat,
330 1909 376 1981 de
399 1907 468 1978 hac
490 1907 611 2001 paullo
631 1907 780 1980 uberius
802 1930 1029 2004 exponemus.

264 2124 902 2234 >*consecutura
966 2138 969 2143 ’

1 2424 2 2428 ’
166 2406 197 2476 1.
232 2405 313 2477 Duo
341 2405 565 2501 potissimum
595 2414 680 2476 snut
714 2403 916 2498 principia,
952 2404 1030 2476 sive
1056 2405 1144 2505 idola

227 2528 413 2602 doctrinae
433 2530 613 2619 Buoufrtu,
639 2553 733 2626 quae
754 2529 931 2600 subvertit
958 2553 1052 2601 nora
1077 2532 1153 2605 Ita·.¹

123 2702 128 2714 ·
227 2653 345 2727 lorum
360 2654 544 2726 doctrina:
570 2657 745 2749 primum,
772 2651 869 2751 quod
890 2676 1013 2725 omnes
1028 2646 1145 2751 poten·

228 2781 301 2853 tiae
316 2780 480 2875 partibus
499 2780 708 2857 virentibus,
722 2777 886 2848 admotae
907 2774 1003 2875 ipsas
1029 2781 1145 2854 s'timu·
1165 2821 1169 2830 «

184 2938 191 2949 =
227 2906 325 2995 lent3
351 2903 567 2988 secuudum,
592 2904 688 3000 quod
710 2899 873 2975 asthenia
897 2899 1078 3003 indirecta
1104 2906 1144 2976 sit

118 3065 123 3076 ·
158 3094 161 3099 .
194 3120 198 3126 Ι
229 3051 354 3100 caussa
377 3027 483 3122 longe
505 3029 739 3125 plurimorum
770 3024 985 3096 morborum.
1035 3014 1143 3100 Priori

183 3212 190 3245 ζ
227 3153 396 3250 opposuit
411 3154 583 3248 placitum
601 3153 648 3224 de
666 3151 944 3223 contrastimulo.
983 3149 1143 3223 Altemm

124 3274 129 3281 ’
226 3276 444 3374 expugnarit
460 3280 596 3372 placito
613 3279 659 3349 de
677 3276 880 3348 morborum
902 3274 1144 3348 sthenicorum

115 3463 139 3493 ‚s
226 3425 311 3496 prae
331 3403 464 3473 morbis
483 3403 677 3474 asthonicis
695 3400 960 3496 praepotentia.
1097 3399 1100 3403 ’

117 3528 192 3599 ¹II.
227 3526 345 3621 Hujus
376 3526 518 3597 scholae
553 3525 781 3597 methodicae
815 3547 931 3597 norae
963 3523 1145 3597 character

227 3661 282 3722 est
301 3650 479 3745 exquisite
501 3650 816 3749 pharmaceuticus
832 3659 869 3720 et
887 3672 952 3743 per
970 3651 1145 3721 rationem

222 3771 415 3869 practicam
430 3774 476 3847 ad
492 3785 656 3846 veterum
668 3775 905 3846 Romanorum
924 3786 1040 3845 artem
1056 3797 1145 3844 com·

131 3936 134 3941 ·
180 3988 183 3993 ¹
221 3895 429 3991 pendiosam
459 3899 618 3996 artisque
647 3899 846 3972 communia
877 3899 1058 3995 principia
1089 3925 1144 3972 ac·

223 4021 331 4094 cedit.
403 4066 406 4071 ·
