2550 5040
327 395 532 457 latrones
552 395 870 456 REFORMATORES.
1060 390 1114 454 ll'l

67 573 255 648 lovaniae
277 567 316 646 et
338 576 503 648 Lutetiae
523 576 738 646 Parisiorum
755 573 954 644 medicinae
981 569 1109 640 studiis
1149 647 1156 656 ‚

74 717 219 787 operam
237 696 340 770 dedit
361 698 472 792 inque¹
489 699 558 769 hac
576 697 665 767 urbe
692 710 960 791 praeceptorem
979 692 1110 765 habuit

75 817 159 892 lae.
188 825 364 907 Srtvrou,
399 822 502 915 cujus
534 822 731 891 anatomica
764 821 960 891 institutio*
976 840 1112 912 nequa-

74 947 183 1032 (friam
199 947 279 1017 talis
298 927 383 1028 suit,
407 945 522 1039 qualis
535 946 674 1038 placere
689 945 809 1038 potuit
826 944 1002 1024 Vesano,
1027 964 1112 1012 ana·

24 1163 28 1172 1
75 1073 199 1141 tomen
225 1069 438 1164 deperienti.
486 1069 605 1162 Hujus
634 1068 730 1139 enirn
762 1078 883 1139 tantus
914 1078 990 1155 erat
1013 1066 1113 1159 illius
1173 1137 1176 1143 ,

71 1194 295 1266 exercendae
318 1192 440 1272 ardor,
464 1203 507 1262 nt
529 1211 779 1284 suspensorum
793 1183 975 1284 reliquias
1003 1190 1110 1260 surri-

66 1319 196 1403 puisse
228 1318 360 1411 deque.
379 1314 459 1400 hac„
482 1314 617 1407 praeda
655 1339 736 1386 cum
773 1314 922 1386 canibus
955 1325 1110 1385 certasse
1190 1348 1193 1353 >

64 1431 225 1535 legatur.
273 1441 402 1511 Postea
417 1437 578 1508 medicus
596 1437 668 1508 luit
687 1440 875 1510 castrensis
893 1441 932 1509 in
945 1438 1110 1510 exercitu

62 1557 166 1660 Imp
191 1563 307 1637 Caroli
326 1562 376 1642 V,
400 1585 518 1656 neque
537 1560 590 1631 ita
601 1560 681 1662 diu.
688 1573 769 1655 post
789 1563 829 1632 in
848 1563 991 1633 Italiam
1007 1563 1109 1634 venit

24 1728 27 1733 ·
59 1705 116 1783 ας.
140 1687 286 1761 Paduae
305 1708 441 1756 summa
465 1684 669 1756 auditorum
690 1685 895 1781 frequentia
915 1698 1106 1766 anatomen

56 1805 231 1892 instituit
254 1810 394 1881 docere.
443 1807 618 1882 Grac-scu
642 1810 757 1903 primo
772 1809 935 1902 religiose
960 1822 1106 1881 secutus

56 1938 152 2006 «ἐπ’
186 1933 275 2007 Cum
305 1957 389 2006 vero
410 1933 719 2014 animadvertiset.
745 1934 825 2025 ejus
847 1933 1108 2026 descriptiones

59 2073 90 2122 ι
116 2059 240 2137 simiis>
256 2058 383 2127 ductas
405 2078 448 2125 ac
469 2079 654 2151 perperam
673 2056 886 2127 xhominibus
911 2057 1109 2150 adplicatur

56 2197 169 2265 csse,
193 2180 383 2272 diligenter
403 2180 566 2272 autopsia
586 2178 748 2251 adhibita
768 2182 908 2251 notavit
933 2180 1108 2251 differen-

55 2301 141 2390 tias
162 2322 314 2398 cumque
335 2284 520 2375 Galenieis·
543 2304 760 2396 comparavit
782 2317 891 2400 atque
916 2305 1108 2375 consillum
1187 2400 1189 2404 Ι

55 2431 190 2525 coepit
206 2429 253 2499 de
277 2448 371 2496 nova
386 2424 538 2496 historia
552 2429 752 2498 anatomica
783 2426 986 2508 condenda,
1005 2427 1105 2521 quod

52 2542 124 2622 itu
151 2550 323 2648 perfecit,
346 2561 390 2620 ut
419 2549 614 2621 secundum
647 2552 823 2623 sectiones
841 2575 864 2619 a
886 2563 999 2621 semet
1025 2554 1104 2645 ipso

51 2665 185 2749 facus
199 2673 355 2770 corporis
373 2673 520 2743 humani
529 2684 648 2765 partes
663 2672 882 2746 describeret
899 2674 1104 2768 tabulisque

41 2795 221 2893 'adjectis
263 2798 466 2869 illustraret.
528 2798 627 2868 Haec
661 2792 922 2891 illius-'scripta
952 2820 1102 2879 onmem

51 2921 260 2992 turbarunt
287 2921 411 2992 orbem
438 2919 628 2993 medicum.
654 2922 752 2993 'Alii
772 2923 817 2992 de'
837 2945 957 2993 rerum
976 2923 1105 2993 iurene
1222 2940 1224 2945 ’

49 3042 186 3116 tarum
202 3045 362 3118 novitate
382 3057 444 3116 aut
466 3045 601 3118 honore
621 3069 701 3117 cum
722 3046 879 3120 Vasarro
898 3045 1104 3144 disputare,
1179 3139 1185 3144 1

50 3159 134 3237 alii
155 3167 294 3242 Gsmrc
327 3182 506 3264 tamquam
536 3172 691 3243 numinis
721 3172 908 3264 eujusdam
926 3195 1102 3241 caussam

49 3277 261 3365 defendere
282 3305 485 3387 coeperunt.
527 3296 629 3366 Inter
646 3296 712 3366 hos
737 3296 868 3390 primas
887 3299 1007 3367 tenuit
1024 3296 1102 3387 ipse
1144 3390 1152 3404 ἱ
1243 3276 1246 3284 ”

50 3395 217 3489 Veram
239 3429 448 3515 praeceptor
470 3420 548 3490 Jac.
568 3421 732 3501 smnus,
755 3421 822 3514 ¹qui
843 3445 945 3513 aegre
962 3420 1099 3501 serens.

52 3530 106 3601 *θ
128 3541 290 3634 ajuvene
307 3565 422 3636 eoque
436 3541 612 3636 discipulo
628 3547 806 3638 superari,
832 3553 971 3615 omnent
990 3542 1102 3614 morit

53 3643 308 3752 lapidemur
334 3665 474 3739 Gataut
499 3667 556 3738 sui
583 3681 676 3740 sarta
705 3673 865 3757 maneret
893 3669 1100 3760 intactaque

59 3789 282 3862 auctoritas·
317 3791 441 3885 Neque
468 3815 490 3860 a
522 3805 754 3887 praeceptore
781 3805 938 3874 tanturn,
978 3811 1100 3860 verum
1143 3875 1145 3879 ,

63 3914 107 3962 ἃ-
122 3906 290 4006 discipulo
327 3918 471 4010 quoqne
488 3945 491 3949 ·
507 3930 730 4009 oppugnatus
765 3929 818 3987 est
852 3916 1043 3989 vannos:
1077 3936 1100 3985 a

67 4011 212 4108 harro
235 4038 373 4110 sources
396 4026 576 4124 cosmo,
602 4041 713 4136 ipsius
733 4043 771 4113 in
795 4040 1101 4124 Academiaapa·
