2566 5040
392 413 842 477 ascnurlltosss
1093 412 1137 478 fl

82 594 306 696 petbologur
328 592 491 688 ineptus.
515 591 666 663 callidus
691 613 776 662 vcro
797 612 840 660 ec
857 611 962 682 regar
984 590 1128 666 artilex.

83 722 261 797 Officium
284 716 419 789 medici
443 739 521 787 esse
546 715 655 786 dixitz
685 726 730 787 ut
753 725 852 796 tuto,
878 724 920 783 ut
941 713 1132 801 celeriter,

84 856 132 920 ut
154 842 320 941 jucunde
347 850 461 912 curet
509 841 557 912 In
577 839 739 912 febribus
765 838 1028 910 medicamenta
1054 862 1130 913 sus·
1233 854 1237 865 ·

85 972 195 1053 tulit,
228 967 330 1040 febre
364 966 441 1060 ipsa
473 969 668 1060 praecipue
697 984 735 1035 se
761 960 809 1032 ad
844 963 1044 1034 remedium
1071 965 1130 1038 uti

76 1094 281 1192 professus.
327 1090 542 1184 Proscripsit
562 1088 639 1161 lere
663 1086 893 1183 purgantium
920 1112 1042 1195 usum,
1067 1113 1131 1162 an-

85 1219 184 1290 xiam
204 1215 389 1288 domuerit
410 1215 553 1286 dierum
569 1212 780 1311 criticorum
805 1213 1129 1311 computationem,

85 1344 130 1414 in
157 1340 258 1413 nullo
286 1339 363 1422 dic,
395 1338 482 1433 quia
512 1362 575 1433 par
603 1339 762 1431 imparve
786 1346 896 1417 esset,
927 1338 1044 1430 aegris
1068 1339 1129 1411 rol

86 1464 209 1561 majus
240 1463 300 1536 rel
330 1465 449 1533 minus
474 1448 674 1557 periculum
701 1484 780 1533 esso
806 1460 940 1531 dicens.
990 1461 1130 1557 Oppor-
1258 1522 1261 1527 .

87 1595 285 1666 tuuitatem
313 1587 481 1681 temporis
512 1585 592 1657 fieri
618 1585 731 1679 magis
759 1584 806 1656 ab
836 1585 977 1672 artifice
1002 1605 1127 1682 posse,

83 1740 197 1816 quam
223 1738 289 1787 sue
312 1723 457 1808 sponte,
481 1722 546 1783 aut
570 1712 729 1783 Deorum
760 1720 854 1781 nutu
877 1711 1001 1784 venire
1032 1713 1130 1784 affir-

81 1822 244 1915 murit'

136 1968 183 2039 In
206 1960 423 2037 salutaribus
443 1959 643 2055 praeceptis
671 1961 768 2033 ritae
792 1960 955 2031 laudarit
973 1961 1129 2032 varicta-

85 2105 184 2173 tcm,
209 2100 319 2184 atque
343 2087 576 2158 vehementer
593 2085 694 2155 utile·
705 2084 797 2155 dixit
817 2084 983 2176 frigidum
1000 2084 1127 2158 bibere

86 2227 128 2288 et
153 2213 285 2308 frigida
313 2210 448 2293 levari,
480 2233 588 2306 quarn
615 2213 818 2337 duppolovcr‘xv
847 2209 1047 2303 adpellant:
1083 2234 1128 2281 ac

85 2335 299 2432 multiplicis
331 2333 470 2406 exstitit
504 2333 698 2405 curationis
720 2333 906 2427 jucundae
937 2335 1125 2406 inventor:

83 2459 305 2532 lectulorum
339 2459 546 2552 pensilium·
563 2459 806 2554 aliorumque,
839 2457 973 2554 quibus
1004 2462 1129 2552 aegro-J

85 2585 246 2657 cautium
264 2582 405 2654 studuit
422 2582 680 2677 voluptatibus.

136 2707 201 2779 Ab
226 2707 339 2778 altere
369 2706 492 2778 tumen
518 2719 620 2802 parte
654 2705 899 2779 confitendum
931 2717 1005 2788 est,
1042 2728 1127 2780 eum

83 2850 358 2926 nonnumquam
394 2832 601 2903 adhibuisse
634 2832 804 2904 medendi
839 2831 1015 2901 rationem
1045 2854 1130 2925 pra·
1161 2904 1167 2921 x

85 2978 172 3028 ram
189 2974 341 3051 eumque
355 2957 491 3050 partim
506 2954 747 3038 arbitrariam,
771 2957 902 3050 partim
918 2956 1025 3028 nimis
1038 2959 1129 3029 acti·
1244 2990 1248 3000 ι

85 3098 190 3162 vem,
213 3079 287 3174 quo
312 3080 405 3151 baec
431 3079 535 3152 Gncsr
555 3080 753 3175 pertinent,
778 3083 825 3154 de
849 3082 1004 3152 febrium
1022 3105 1128 3152 cura·

88 3205 209 3275 tione:
245 3204 541 3277 »Convellendas
570 3204 680 3277 etium
715 3208 811 3279 vires
842 3208 940 3301 aegri
966 3207 1143 3302 ρυίίνίῑ.ι

87 3328 190 3412 lucc,
216 3329 358 3419 vigilia,
384 3330 445 3402 siti
472 3330 628 3424 ingenti,
654 3331 748 3404 sicut
767 3356 814 3403 ne
833 3350 872 3403 or
890 3333 1038 3428 quidem
1056 3321 1148 3427 pri-¹

86 3454 158 3524 mis
173 3451 304 3525 diebus
322 3453 402 3526 elui·
418 3452 560 3526 sineret
610 3455 692 3550 Quo
710 3458 822 3552 magis
847 3456 1038 3538 falluntur,
1062 3456 1129 3552 qui

84 3584 155 3672 per
179 3553 309 3648 omniu¹
317 3577 520 3672 jucundam
545 3579 625 3672 ejus
648 3579 877 3676 disciplinam
901 3603 979 3654 csse
1005 3580 1131 3652 couci·

72 3701 206 3797 piunt.
254 3702 400 3774 Etenim
413 3702 647 3775 ulterioribus
660 3706 808 3801 quidem
819 3707 949 3784 diebus
962 3703 1131 3776 cubantis

84 3826 200 3897 etiarn
233 3826 397 3898 luxuriae
435 3827 664 3924 subscripsit,
704 3832 827 3928 primis
861 3846 956 3906 reio·
981 3829 1131 3906 tortoris
1266 3809 1271 3818 ’

83 3951 209 4024 ricem
230 3951 428 4024 cxblbuit.”
968 3974 986 3985 ··

137 4073 207 4148 llos
238 4075 270 4146 si
295 4089 437 4150 rectum
468 4077 514 4150 dc
545 4102 589 4150 co
611 4078 795 4174 judicium
826 4056 922 4153 lerrc
955 4081 1127 4162 velimus,
