2566 5040
332 370 667 441 neuen-tetus
701 370 902 430 ananum
1094 376 1148 436 117

96 558 156 627 Et
186 554 295 630 scias,
328 550 425 645 quod
455 572 560 617 nemo
589 550 722 642 poterit
749 550 947 642 intelligere
975 546 1149 640 majorem

101 690 261 771 partem
278 673 389 765 hujus
416 674 499 742 libri
526 675 594 747 nisi
622 674 750 767 legerit
780 652 1150 773 dedicerittlue‘dogi-¹

108 788 205 886 earm
239 799 359 893 adhue
386 820 532 876 necesse
564 807 634 876 est,
669 800 868 890 quodipse
903 797 949 882 sit
975 798 1029 881 de]
1052 796 1152 882 illie„

108 924 357 1015 qui'rersatus
380 919 489 996 luerit
517 923 554 990 in
582 922 763 992 radicibus
783 923 1010 1003 ⁴naturalium
1034 920 1147 991 scien-

111 1047 272 1123 tiamml?
379 1112 382 1119 ,
545 1039 552 1052 ’
911 1119 915 1128 ,
949 1116 951 1121 ,
1029 1125 1033 1130 ,
1082 1119 1085 1124 ,
1119 1119 1151 1131 ,,

166 1171 361 1247 Caeterum,
387 1179 428 1238 ut
446 1168 522 1259 ipse
542 1180 710 1252 testatur,
737 1168 949 1252 hvrcnunsn
970 1149 1151 1269 commen-

113 1300 207 1365 tatus
228 1303 341 1365 estet
365 1289 518 1370 Garum,
544 1304 586 1363 ut
611 1294 690 1375 ille,
715 1306 859 1364 secutus
875 1307 933 1364 est·
949 1297 1146 1381 rationem.

113 1409 167 1485 ita
188 1431 304 1488 tamen
323 1427 366 1485 nt
399 1414 615 1487 Aarsrornnr
644 1441 801 1512 semper,
828 1418 1036 1512 ubicunque
1067 1442 1150 1501 cum

114 1558 161 1609 eo
175 1551 303 1634 pugnet
322 1539 505 1621 Gerenos,
530 1541 660 1632 primas
679 1542 816 1611 tribuat
833 1555 1079 1636 partesatqne
1101 1542 1147 1610 ab

109 1660 310 1757 philosophi
333 1687 394 1733 ore
410 1652 593 1757 pendeat,
628 1676 799 1760 tanquam
827 1669 970 1742 oracula
995 1667 1148 1736 lunden-

112 1788 149 1850 ῑθ
180 1792 310 1860 divina.
368 1788 497 1880 Itaque
538 1770 791 1863 Aristotelious
823 1813 966 1882 prorsus
1001 1788 1076 1873 luit
1105 1813 1148 1858 ac

97 1890 266 1982 'medicus
291 1911 558 2005 peripateticus.
609 1912 655 1982 ln
686 1911 921 2006 pathologicis
947 1913 1147 1981 doctrinam

104 2031 184 2103 lum
210 2037 484 2114 elementarem,
522 2047 598 2105 tum
632 2036 852 2105 humeralem
889 2036 1039 2105 maxime
1071 2059 1147 2104 am·

99 2149 228 2234 plexus
247 2170 312 2241 est.
341 2160 573 2245 ,Inmaterie
596 2160 742 2241 medica:
756 2161 936 2244 subtiliter
953 2159 1147 2250 admodum
1192 2215 1197 2225 .
1224 2170 1229 2180 ’

96 2283 339 2354 ratiocinatur
360 2284 406 2353 de
435 2282 711 2354 medicaminum
743 2285 900 2373 viribus,
917 2309 1024 2354 vmore
1053 2286 1148 2378 peri-

96 2412 353 2481 paterinorum.
412 2408 545 2477 Multus
573 2407 745 2500 imprimis
776 2422 831 2478 est
861 2409 899 2478 in
929 2408 1146 2497 definiendis

96 2534 342 2605 remediorum
381 2531 558 2625 gradibus.
618 2531 782 2601 Tradidit
820 2533 957 2619 monita
994 2534 1039 2602 de
1077 2557 1147 2623 usu

96 2656 360 2740 remediorum*
374 2655 650 2748 compositorum
675 2665 713 2723 et
732 2654 994 2746 corrigentium.
1046 2657 1145 2726 More

96 2784 215 2854 secuti
238 2779 417 2875 specificis
441 2779 599 2872 ipsorum
625 2777 761 2848 viribus
792 2778 1147 2864 multumconfidit.

96 2913 169 2975 lec
187 2930 318 3000 spurca
340 2903 499 2983 remedia
520 2904 663 2998 sprevit
716 2902 876 3001 Subinde
904 2882 1014 2971 ctiam
1033 2903 1146 2992 >nimis

96 3032 271 3103 uadatus
307 3030 389 3101 luit.
419 3078 422 3083 -
450 3028 493 3098 In
526 3028 605 3096 aliis
635 3049 721 3104 vero
741 3037 875 3120 ,aptum
910 3050 947 3096 se
980 3027 1148 3120 probavit
1208 3029 1214 3046 ⁶

96 3163 266 3235 taturae
285 3156 530 3247 interpretem.
577 3150 632 3223 ‚In
661 3149 868 3242 explicanda
893 3149 1086 3243 phthisin.
1114 3175 1145 3220 c.
1170 3145 1174 3152 ’

96 3281 134 3342 et
160 3279 273 3361 lebria
289 3274 562 3360 intermittentis
579 3296 866 3369 paroxysmorum
887 3276 1145 3368 anticipatione

96 3402 455 3498 uutpostpositione.
746 3480 752 3486 ,
1092 3474 1094 3478 ,
1144 3472 1147 3477 .

152 3526 261 3618 Quod
289 3549 405 3617 nuper
422 3523 572 3618 prodiit
601 3547 690 3616 opus
723 3521 770 3616 de
801 3545 839 3591 re
868 3522 1068 3593 alimentari
1104 3538 1143 3597 et

99 3649 575 3734 medicamentariamedici
602 3647 731 3720 Arabis
758 3646 1039 3737 Ean-Buram,
1066 3673 1145 3737 vers

102 3772 205 3842 tenta
234 3777 312 3847 viro
334 3773 522 3857 eruditiss.
548 3801 580 3844 v.
610 3774 862 3850 Sonrunnrnn,
896 3773 1052 3843 bericon
1089 3787 1146 3846 est

104 3882 460 3981 Pharmaeeutieum,
478 3901 524 3997 in
542 3922 613 3994 quo
637 3909 819 3977 ueterum,
845 3896 1038 3990 praecipue
1060 3899 1144 3987 Dro-

101 4023 277 4108 sc01trnrs,
312 4025 357 4096 de
390 3997 553 4116 singulis
573 4022 739 4092 remediis
772 4023 848 4091 loca
889 4000 1049 4099 Arabum
1084 4049 1145 4094 ex-
