2550 5040
180 391 221 452 34
257 387 490 450 Pffltatsot’tss
515 385 557 445 ΙΝ
574 385 747 466 natumst
767 383 985 447 Mantuanae
1008 383 1234 451 contortus.

175 601 185 623 -.
233 568 323 641 Ante
341 592 442 647 mure
460 575 496 637 et
514 565 620 638 tellus
640 573 677 635 ct
693 566 786 659 quod
807 569 897 660 tegit
912 565 1034 634 omnia
1052 564 1212 646 coelum,
1236 564 1256 613 ·’

235 692 332 766 Unus
354 701 436 763 erat
459 699 529 762 toto
554 698 707 759 naturae
730 690 850 794 uultus
875 693 915 760 io
937 688 1042 769 orbe,

239 817 350 910 Quem
373 817 500 886 diruere
530 811 658 884 Chaos.

185 945 261 1016 blec
281 952 422 1011 tannim
441 937 568 1008 mundi
589 937 783 1030 originem,
809 938 872 1008 red
893 950 934 1009 et
958 938 1165 1032 plantarum
1194 947 1238 1007 et

184 1066 394 1136 animalium
410 1073 447 1132 et
459 1061 645 1131 hominum
665 1075 741 1132 tum
754 1074 890 1142 ortum,
911 1073 989 1130 tum
1005 1059 1119 1132 sitam
1138 1059 1250 1131 haee·

189 1191 445 1260 elementorum
466 1186 773 1278 complectebatur
791 1184 956 1257 doctriua
977 1197 1016 1254 et
1032 1183 1121 1253 anui
1142 1195 1238 1257 tem·

186 1323 369 1408 pestutum
402 1323 440 1378 et
470 1307 544 1379 dici
576 1310 766 1404 noctisque
794 1306 1084 1389 vicissitudines,
1120 1318 1167 1377 ut
1193 1331 1240 1377 ex

187 1434 335 1530 poetica
354 1444 505 1502 naturae
524 1434 713 1505 universae
736 1432 1037 1527 contemplatione
1065 1442 1155 1502 unte
1181 1431 1240 1503 vi-

186 1561 328 1631 deatur.
379 1555 532 1627 Siuehis
549 1539 648 1628 nulla
663 1558 892 1651 germinatio,
916 1555 1119 1649 vegetatio,
1144 1555 1240 1627 vita.

66 1707 70 1713 ·
144 1724 147 1729 ·
185 1685 333 1766 Semina
362 1680 499 1761 telluris
524 1681 657 1773 gremio
692 1682 838 1753 condita
867 1683 990 1752 calore
1011 1691 1049 1750 et
1077 1679 1239 1751 hutnore

189 1809 266 1881 lota
291 1806 514 1900 explicantur
535 1817 573 1876 et
594 1819 771 1877 crescunt.
820 1806 972 1877 Plantae
991 1828 1035 1875 ex
1055 1815 1153 1877 terra
1168 1824 1239 1897 per

188 1933 328 2003 radices
347 1929 556 1999 alimentum
579 1930 771 2012 hauriunt,
797 1931 879 2001 solis
896 1932 1014 2001 calore
1035 1926 1241 2010 iurentur,

188 2066 386 2128 vescuntur
410 2060 513 2135 aiire,
539 2055 736 2125 irrorantur
761 2053 887 2150 aquis:
913 2052 1080 2123 animalia
1103 2062 1143 2121 et
1168 2048 1235 2121 ha·

190 2180 306 2249 mines
337 2188 453 2248 terrae
485 2176 647 2270 frugibus
679 2177 892 2247 nutriuntur
919 2188 957 2247 et
987 2184 1112 2253 nerem
1141 2172 1235 2243 hau·

190 2304 292 2374 riunt
314 2278 411 2372 vilae
432 2299 603 2392 pabulum
627 2313 665 2371 et
690 2300 823 2371 bibunt
846 2324 975 2395 aquam
1000 2290 1040 2370 et
1064 2306 1233 2367 creseunt

133 2428 138 2441 '
189 2427 318 2498 calore.
368 2424 416 2494 Et
432 2427 733 2518 quemadmodum
757 2425 857 2496 hisce
876 2424 1079 2496 elementis:
1106 2430 1230 2505 aereo,

192 2549 319 2645 igneo,
352 2572 486 2643 aqueo,
520 2552 680 2622 terrestri
707 2551 871 2631 aluntur,
908 2549 960 2618 sic
988 2548 1117 2633 iisdem
1148 2570 1237 2649 con·-

193 2666 309 2754 stanl,
335 2684 372 2743 et
394 2674 522 2743 vivunt
545 2688 582 2743 et
599 2676 779 2755 sentiunt,
806 2697 868 2767 per
887 2672 975 2741 alios
994 2696 1121 2745 sensus
1141 2666 1248 2759 alia,'

191 2811 236 2871 ut
264 2797 412 2891 singulis
438 2796 626 2870 elementis
650 2797 848 2870 sentiendis
878 2797 941 2866 alii
970 2820 1096 2868 sensus
1124 2795 1241 2890 magis

192 2925 269 3018 apti
302 2935 340 2992 et
368 2922 490 2991 idonei
524 2947 600 2994 esso
628 2924 830 2995 rideantur.
880 2922 1046 3017 Denique
1076 2922 1134 2994 uti
1159 2921 1242 2992 elo·

192 3059 395 3153 mentorum
419 3047 593 3138 temperie
624 3046 804 3144 aequabili
831 3046 982 3128 sanitas,
1008 3047 1061 3116 ita
1091 3044 1231 3116 turbat·

193 3173 322 3246 eadem
344 3168 460 3239 morbi
478 3169 589 3241 liunt:
614 3171 702 3242 dum
721 3173 979 3245 elementorum
997 3170 1228 3245 divulsionem
1268 3243 1272 3268 ;

193 3318 316 3391 presso
343 3292 435 3386 pede
459 3317 553 3363 mors
576 3311 755 3391 sequatur.
879 3336 881 3341 ·
1268 3273 1269 3276 ¹

120 3462 124 3471 ·
245 3417 396 3490 Habetis
408 3419 654 3489 adumbratam
667 3421 795 3492 leviter
809 3421 1053 3516 percelebrem
1069 3421 1166 3491 illam
1176 3442 1225 3491 re

196 3543 382 3627 terumde
404 3541 589 3612 elementis
603 3543 821 3625 doctrinam,
851 3572 923 3639 qua
943 3547 1135 3625 docemur,
1159 3562 1230 3613 eam

198 3669 244 3740 ad
264 3666 391 3739 mundi
409 3689 602 3762 rerumque
622 3670 779 3738 omnium
802 3672 976 3764 originem
999 3669 1233 3762 interpretan-

199 3792 282 3862 dam
296 3790 401 3860 iuitio
423 3789 533 3860 luisse
548 3790 767 3861 adhibitam:
790 3793 960 3888 deinceps
976 3794 1182 3864 traductam
1195 3789 1236 3863 ad
1257 3794 1260 3799 ’

196 3915 421 4008 plantarum,
457 3915 677 3994 animalium,
703 3916 888 3990 homiuum
911 3920 1041 4009 vitam:
1073 3941 1185 4012 porto
1206 3927 1255 4011 cl·

200 4060 326 4116 sensus
347 4063 388 4110 ex
412 4063 456 4111 eu
477 4041 648 4136 explicari
671 4020 817 4125 solitos,
851 4042 1009 4139 deniqne
1040 4052 1082 4114 et
1103 4041 1245 4114 morbos
