2566 5040
425 470 428 477 .
472 387 818 454 rsrcmcrars.
907 350 909 353 ’
1111 380 1170 444 arr

126 558 284 669 psychen
318 569 550 664 contemplari
574 571 762 667 hujusque
789 569 828 638 in
861 586 1008 658 corpore
1035 563 1172 659 passio·

124 712 198 769 nes·
212 711 424 791 cognoscem
442 695 568 789 cupiit.
1109 670 1112 675 ⁴

177 821 222 890 In
245 820 319 891 hoc'
344 819 582 914 psychiatriae
610 820 713 890 cultu
735 816 887 888 'easdem
918 823 1083 883 notamus
1108 836 1170 906 pe·

124 945 264 1026 riodos,
288 966 378 1038 quas
399 944 438 1013 in
461 943 600 1038 reliqua
616 943 818 1014 medicinae
836 938 986 1009 historia
1010 936 1170 1010 animads

119 1068 319 1142 vertimus·
1099 1146 1102 1151 Α

172 1194 293 1267 Primo
312 1192 480 1262 nimirum
502 1191 672 1263 somatica
705 1211 859 1284 cumque
887 1187 1078 1261 humorum
1107 1210 1169 1282 pa·

123 1317 286 1411 tholegia
299 1316 445 1410 juncta,
473 1327 550 1387 tum
568 1338 613 1388 ex
624 1312 830 1411 pathologia
846 1331 1066 1393 nervorum,
1085 1335 1168 1407 par·

121 1446 189 1515 tint
212 1428 532 1539 sympathi‘corum,
554 1441 642 1513 sire·
657 1438 923 1534 organicorum,
948 1438 1079 1532 partim
1108 1461 1167 1509 oe·

121 1567 238 1648 rebri,
263 1560 421 1657 denique
440 1589 483 1634 ex
502 1564 576 1635 vita
597 1566 709 1659 ipsius
728 1565 879 1660 psyches
889 1543 1011 1634 lducta
1025 1575 1099 1633 est:
1126 1562 1166 1632 iu

121 1693 254 1787 quibus
277 1687 433 1783 periodis
449 1690 557 1759 etiarn
578 1689 667 1760 illud
684 1689 902 1759 notandum:
930 1689 1028 1781 prius
1053 1686 1168 1758 offici-⁴

120 1838 205 1886 nam
227 1813 377 1908 primam
404 1825 514 1907 atque
544 1810 745 1883 abdominis
763 1813 907 1884 -viscera
939 1810 1065 1882 crebro
1096 1810 1166 1880 cri-

120 1938 228 2009 minis
246 1949 364 2008 reaet
382 1937 482 2008 dicta
509 1950 548 2007 et
571 1935 698 2022 hahita
718 1936 848 2021 iuisse;
872 1936 1005 2006 deinde
1027 1931 1165 2004 cerebri

55 2042 65 2060 s
116 2062 479 2157 membranarumque
496 2061 641 2134 cerebri·
654 2060 842 2155 phlogoses
864 2072 1048 2131 accusatas
1064 2083 1164 2140 esse,

118 2188 214 2258 utin
229 2188 320 2258 vasis
331 2197 369 2256 et
381 2184 523 2255 officina
534 2185 715 2278 sanguinis
726 2185 885 2255 insaniae
905 2193 1165 2280 quaererentur

110 2313 220 2404 :origo
235 2333 277 2382 ac
296 2311 420 2399 sedes3
446 2310 574 2381 ultimo
591 2332 721 2380 nervos
741 2309 881 2403 culpari
896 2309 1018 2379 solitos
1039 2319 1076 2378 et
1091 2306 1170 2400 pri·'

119 2458 179 2505 mo
202 2435 350 2528 quidem
374 2434 635 2531 sympathioum
654 2436 838 2527 magnum,
863 2433 1039 2525 deinceps
1061 2453 1163 2500 ecre·

115 2558 246 2645 hrum;
280 2560 397 2628 donec
422 2559 568 2630 tandem
596 2580 638 2626 ex
666 2558 889 2652 physiologia
914 2557 953 2626 in
976 2554 1164 2650 psycholo·

118 2685 212 2777 giam
228 2671 419 2779 ¹ipsamque
436 2683 583 2756 ethicen
604 2681 781 2775 migravit.
806 2682 981 2754 Veterum
1000 2679 1162 2750 hellebo-
1261 2711 1263 2715 ·

116 2809 262 2892 rismus,
288 2809 558 2882 Brittannorum
582 2807 857 2902 antiphlogosis,
884 2804 1068 2905 Gallorum
1083 2827 1163 2898 pas·

116 2933 194 3004 sira
219 2931 433 3012 methodus,
458 2933 596 3002 curatio
624 2926 787 3012 moralis,
813 2927 1074 3004 Germanorum
1098 2927 1162 3000 de·

115 3057 229 3152 nique
265 3051 458 3128 methodus
488 3055 608 3126 activa
628 3057 740 3149 magis
759 3078 876 3150 eaque
895 3060 1066 3125 coercens
1090 3053 1162 3124 sin·

115 3180 216 3274 gulas
235 3180 343 3250 hasce
369 3180 535 3274 periodos
557 3179 644 3251 satis
672 3203 850 3275 superque
878 3177 1052 3249 indicant.
1143 3210 1148 3223 ·
1259 3161 1261 3163 ¹

164 3303 221 3374 No
228 3303 449 3396 antiquiores
467 3327 704 3386 memoremus
715 3337 727 3386 ,·
747 3304 950 3375 laudandus
964 3314 1004 3374 et
1018 3302 1161 3398 praedi·
1254 3297 1258 3307 '

114 3427 250 3499 candus
269 3427 374 3498 nobis
400 3440 455 3498 est
482 3429 686 3511 Prusenses,
717 3442 899 3525 tamquam
917 3426 1160 3522 psychieuiae

115 3551 327 3624 emendatae
358 3563 495 3626 auctor.
538 3555 589 3625 'Is
620 3553 801 3625 hominem
832 3556 870 3623 in
904 3553 1035 3623 misero
1067 3554 1162 3623 insa·

87 3741 89 3746 .
114 3676 238 3748 niente
264 3676 485 3770 suspiciens,
519 3667 608 3771 ‹juid
638 3703 658 3748 a
685 3679 827 3749 medico
852 3678 1009 3749 humano
1029 3677 1067 3748 in
1091 3678 1161 3748 hac

103 3799 316 3880 ¹medicinae
332 3804 514 3894 practicae
533 3813 636 3895 parte
656 3803 790 3896 sperari
809 3813 847 3872 et
864 3801 1162 3896 exspectaripos·

116 3925 185 4004 sit,
210 3926 344 4018 primus
358 3927 523 4001 ‚omnium
555 3926 690 3997 docuit.
714 4010 717 4016 Ι
740 3926 827 3996 Eam
847 3897 1061 3997 observandi
1086 3938 1161 3997 stu-

116 4049 177 4120 dio
204 4050 384 4133 excoluit,
409 4062 560 4122 naturae
588 4051 764 4124 coloribus
798 4052 960 4134 vesanias
989 4050 1162 4147 expressit
1193 4076 1196 4081 ·
