2566 5040
141 349 161 412 8
389 364 392 372 '
495 347 820 413 auo-rarle.

35 615 41 625 ,
145 531 305 630 templis,
331 528 435 622 aliam
455 540 555 601 extra
571 532 717 602 eadem:
741 541 855 626 utque
871 531 932 603 illa
950 554 1071 604 omnes
1083 555 1179 605 mor·

43 680 46 687 ’
126 645 211 727 ’ὕοι
242 655 419 759 curabat,
441 653 495 725 sic
517 651 564 724 ad
591 653 686 723 hanc
712 655 961 727 verosimiliter
991 657 1180 759 Hanonort

144 771 246 849 locus
270 778 316 850 de
343 778 560 871 singulorum
590 773 793 846 morborum
811 800 837 885 'a
858 778 1004 872 singulis
1027 780 1205 852 medicis¹

12 965 15 972 .
141 905 328 974 curatione
349 900 517 997 pertinet.
611 941 612 947 κ

192 1027 375 1124 AEgyptios
394 1036 575 1096 anatomea
604 1024 738 1119 peritos
762 1021 891 1106 fuisse,
915 1046 960 1123 ex
976 1039 1072 1097 more
1095 1049 1181 1097 con·

139 1152 266 1224 diendi
288 1151 474 1236 cadavera
493 1147 606 1230 effici,
637 1148 855 1248 ‘quibusdam
881 1150 997 1219 visum
1018 1161 1082 1220 est
1131 1150 1181 1221 Id

141 1301 214 1373 quo
239 1276 322 1368 jure
353 1274 512 1353 dicatur,
543 1283 587 1342 ut
614 1269 805 1365 adpareat,
838 1271 958 1342 locum
990 1275 1180 1346 Hmonon

141 1400 340 1493 integrum,
365 1421 439 1494 quo
469 1419 546 1483 moa
575 1395 635 1466 ille
664 1394 897 1478 describitur,
930 1398 1110 1494 adponere
1133 1422 1181 1470 ex

137 1547 181 1594 ‘re
201 1523 282 1595 erit.
331 1523 395 1594 Est
419 1531 542 1591 autem
561 1518 639 1590 Lib.
661 1518 713 1590 11.
736 1543 812 1614 cap.
833 1519 891 1594 85.
1024 1551 1025 1554 ¹
1172 1602 1176 1608 ¹
1213 1602 1216 1607 ,

189 1647 361 1717 »Luctus
403 1641 599 1715 eorundem
633 1665 677 1715 ac
710 1645 914 1739 sepulturae
956 1646 1045 1718 tales
1080 1658 1209 1717 sunt.'

143 1769 429 1865 Quibuscunque
443 1766 572 1863 aliquis
586 1790 629 1838 cx
647 1766 853 1842 domesticis
874 1768 1048 1852 decessit,
1073 1773 1181 1865 eujus

137 1892 289 1989 'aliquod
314 1903 535 1964 momentum
566 1871 631 1973 sit,
666 1890 718 1962 ibi
744 1915 866 1962 omnes
899 1892 1053 1965 feminae
1082 1895 1182 1965 illius

145 2017 425 2110 familiae-caput
439 2015 508 2088 sibi
524 2015 711 2087 autetiam
730 2016 877 2088 vultum·
887 2017 1067 2088 obliniunt
1085 2018 1180 2103 luto;

139 2131 277 2213 deinde
312 2140 440 2211 relicto
469 2139 568 2211 domi
598 2138 791 2222 cadavere,
826 2140 923 2235 ipsae
955 2166 1019 2236 per
1053 2143 1182 2217 urbem

144 2274 315 2358 vagantes
336 2262 589 2357 lamentantur.
637 2260 765 2332 Altera
786 2287 829 2334 ex
849 2277 951 2358 parte
972 2266 1093 2338 viriet
1112 2267 1182 2361 ipsi

92 2422 94 2426 v
145 2385 321 2458 succincti
351 2410 388 2458 se
414 2384 614 2459 verberant.
672 2387 736 2458 His
759 2364 849 2458 actis
878 2388 931 2460 ita
961 2388 1106 2459 demum
1134 2389 1181 2459 ad

132 2509 386 2584 condiendum
416 2519 570 2604 portant.
631 2511 723 2581 Sunt
751 2521 872 2583 autem
908 2513 997 2585 certi
1029 2513 1074 2584 ad
1109 2512 1181 2582 hoc

46 2613 49 2618 ⁸
146 2640 263 2731 ipsum
284 2632 491 2714 constituti,
517 2633 580 2729 qiri
604 2633 675 2704 hoc
693 2635 885 2706 artificium
906 2635 1091 2708 iactitant:
1116 2636 1183 2730 qui

134 2785 257 2864 'quum
284 2758 331 2831 ad
357 2757 453 2851 ipsos
483 2755 635 2830 nadaver
665 2763 847 2852 portatum
876 2772 948 2844 est,
985 2761 1182 2832 ostendunt

145 2889 208 2972 iis,
233 2885 299 2982 qui
317 2893 571 2979 portaverunt,
596 2864 809 2976 exemplaria
830 2885 1044 2957 cadaverum
1064 2885 1184 2976 lignea

143 3013 288 3108 pictura
315 3006 517 3079 assimilata.
572 3004 713 3099 Quibus
742 3009 928 3101 expositis,
955 3009 1183 3087 sciscitantur

134 3137 193 3207 ‚ab
214 3133 278 3216 iia,
303 3131 349 3202 ad
372 3152 479 3225 quarn
498 3127 676 3221 picturam
696 3129 809 3201 velint
833 3131 953 3225 affingi
976 3130 1060 3224 ipsis
1090 3154 1182 3199 mor-

147 3274 262 3333 tuum.
295 3255 363 3325 Isti
375 3234 442 3322 'uhi
455 3249 500 3321 de
515 3249 631 3343 pretio
647 3266 906 3336 convenerunt,
920 3256 1020 3325 illinc
1034 3255 1180 3325 abeunt.

147 3384 200 3458 At
226 3383 266 3452 bi
288 3375 407 3451 relicti
436 3377 474 3445 in
498 3373 646 3445 aedibus
669 3375 765 3444 bunc
794 3375 832 3446 in
855 3377 1000 3449 modum
1030 3376 1185 3469 diligen·

149 3507 284 3579 tissime
301 3500 486 3575 condiunt.
534 3496 632 3605 Ante
651 3499 769 3569 omnia
793 3500 944 3572 incurvo
966 3500 1059 3572 ferro
1084 3525 1184 3571 cere·

147 3632 254 3702 brum
282 3649 346 3723 per
364 3647 469 3694 nares
491 3606 666 3702 educunt,
700 3625 830 3717 partim
858 3627 1005 3721 quidem
1023 3624 1074 3695 ita
1097 3624 1186 3695 edu-

32 3732 35 3738 !
150 3767 291 3835 centes,
317 3748 448 3846 partim
470 3745 730 3816 medicamenta
753 3747 995 3821 infundentes.
1044 3749 1186 3819 Dehinc

149 3888 259 3950 acuto
278 3871 397 3967 lapide
421 3866 627 3961 aethiopico
652 3869 748 3941 circa
772 3871 834 3943 iiia
850 3871 1106 3955 conscindunt,
1132 3884 1186 3942 at-

148 4025 222 4099 que
258 3997 341 4070 illac
378 4013 518 4068 omnem
551 3991 671 4066 uisum
708 3996 940 4091 protrabunt:
980 4020 1087 4094 quam
1122 3995 1187 4075 ubi
