2566 5040
282 416 286 423 ·
350 384 951 447 ruarozssnrsrorneas.
1069 376 1168 480 ⁸tt

120 566 237 638 lienes
272 564 371 658 quod
408 585 470 634 cor
506 560 582 632 esse
615 564 770 655 agnovit
832 564 910 634 Hoc
939 573 1061 634 autem
1090 572 1165 635 non

121 701 268 759 tantum
296 689 471 782 primum,
502 688 566 756 sed
599 689 806 780 primarium
829 711 987 780 organon
1009 662 1165 768 babuit.

119 834 250 883 sensus
284 821 475 904 motusque
512 810 728 903 principium
762 834 806 880 ex
838 835 954 906 eoque
992 813 1165 904 repetivit

117 935 290 1015 vasoium
303 925 468 1026 origines.
492 935 625 1005 Nervos
641 931 780 1002 cerebri
800 935 955 1014 canales,
976 935 1162 1005 cerebrum

117 1071 276 1128 naturae
298 1056 546 1151 [rigidissimae
573 1054 728 1137 habens,
755 1056 842 1125 huic
865 1081 1006 1127 omnem
1020 1082 1163 1150 sensum

118 1182 359 1277 abjudicavit.
390 1180 563 1252 Solebant
581 1179 677 1249 enim
705 1180 910 1274 antiquores
927 1205 1057 1253 nervos
1080 1206 1163 1254 cum

116 1294 352 1387 tendinibus,
376 1306 523 1375 arterias
547 1329 629 1374 cum
653 1304 800 1374 trachea
820 1315 857 1374 et
879 1304 1060 1375 bronchiis
1077 1331 1163 1377 con·

115 1414 276 1507 fundere
313 1453 432 1525 neque
471 1453 492 1499 a
528 1431 630 1500 venis
666 1426 735 1497 rite
767 1426 1012 1521 distinguere:
1053 1454 1160 1524 saepe

118 1550 249 1624 contra
274 1552 453 1624 communi
486 1561 657 1621 ven'ar‘urn
683 1549 827 1620 nomine
857 1562 894 1622 et
927 1552 990 1623 has
1019 1565 1057 1624 et
1082 1554 1160 1627 ilias

112 1678 309 1772 insignire:
344 1681 547 1772 quanquam
578 1697 751 1747 venarum
780 1687 819 1745 et
847 1678 1059 1749 arteriarum
1089 1678 1161 1750 dis·
1214 1762 1217 1767 Α

117 1802 260 1873 crimen
287 1825 361 1871 non
378 1799 525 1869 latuisse
561 1800 831 1881 Acumincum,
856 1799 1050 1894 probabilis
1074 1826 1158 1873 con·

108 1927 261 2020 jecturn
289 1935 344 1994 est
372 1923 472 1994 erud.
504 1922 648 1993 errnu'.
707 1925 881 2006 Nimirum
904 1924 983 2013 ‚hoc
1012 1948 1158 2020 quoque
1185 1930 1220 2005 ἲ

108 2051 200 2119 loco
234 2048 382 2142 antiqua
411 2047 457 2116 de
487 2046 673 2115 elementis
706 2057 744 2116 et
782 2046 992 2117 humoribus
1024 2050 1158 2143 placita

113 2148 235 2243 altera
255 2172 317 2242 illa
347 2170 393 2242 de
421 2150 589 2250 cerebro,
616 2170 662 2239 de
683 2172 820 2251 nervis,
845 2169 891 2241 de
917 2172 1074 2254 arteriis,
1108 2175 1156 2245 de

51 2366 54 2370 .
113 2295 227 2366 corde
252 2307 480 2388 pepererunt.
529 2293 721 2366 Cerebrum
740 2295 878 2365 scilicet
902 2319 1016 2388 aquae
1040 2307 1077 2365 et
1100 2298 1158 2388 pi·
1271 2332 1280 2345 ·

114 2420 235 2493 tuitae
256 2418 393 2489 iontem
412 2441 455 2487 ac
476 2418 597 2488 sedem
616 2443 711 2488 esse:
738 2441 798 2488 cor
815 2419 928 2488 altera
945 2430 1048 2513 parte
1078 2444 1158 2490 san·

113 2543 284 2638 giriuem,
309 2544 420 2613 altera
442 2550 562 2612 acrem
578 2544 779 2625 continere,
804 2544 951 2613 alteram
967 2566 1030 2636 per
1047 2550 1156 2615 venas

83 2666 347 2770 'alimentum
373 2669 520 2738 aiteram
545 2691 608 2761 per
636 2669 782 2738 arterias
812 2690 967 2761 pneuma
989 2667 1161 2743 omnibus

111 2790 280 2886 partibus
300 2789 535 2872 adserentem,
560 2814 712 2884 quorum
727 2790 796 2859 hoc
810 2789 1039 2883 pulmonibus
1051 2790 1159 2861 baua·

112 2927 196 2987 tum
206 2913 388 2984 tracheam
399 2915 474 2984 sive
492 2936 652 3006 asperam
670 2915 838 2984 arteriam
855 2914 1005 3007 ejusque
1021 2937 1154 2997 ramos.

112 3062 180 3110 cor
200 3037 487 3132 pneumaticum,
508 3022 654 3108 arterias
666 3040 821 3134 reliquas
842 3038 999 3132 denique
1019 3041 1155 3132 replet,·

103 3150 395 3241 contenderunt,
422 3168 504 3231 aere
531 3163 757 3250 pulmonibus
782 3162 950 3246 haustum
973 3162 1161 3261 sanguinis¹

114 3287 271 3357 calorem
288 3296 528 3381 temperante,
544 3286 613 3356 boc
627 3293 748 3360 ae‘rcm
760 3287 799 3356 in
813 3287 977 3382 spiritum
991 3299 1156 3361 mutante

112 3410 274 3481 vitalem.

162 3534 215 3604 Eo
229 3545 351 3605 autem
367 3537 510 3606 nomine
527 3537 746 3629 potissimum
761 3535 959 3607 laudandus
974 3548 1029 3607 est
1048 3538 1154 3610 Atus-

108 3674 265 3729 aotntas
285 3658 382 3754 quod
401 3661 594 3754 zooiogiam
613 3685 696 3732 cum
715 3635 983 3754 anthropologia
1002 3664 1153 3755 conjun-

109 3783 231 3875 gendo
257 3782 448 3876 biologiam
472 3783 638 3856 fundavit
666 3796 922 3878 comparatam,
949 3808 1042 3878 quae
1068 3796 1153 3857 v'era
1244 3839 1248 3845 -

101 3915 166 3976 est
190 3905 330 3976 theoria
349 3909 561 3981 medicinae.
1097 3993 1099 3996 ,
1218 4002 1220 4007 A

87 4062 99 4079 ·
172 4029 511 4135 Doleudumkuero,
544 4046 706 4128 posteros
749 4033 861 4126 magis
898 4046 1040 4108 secutos
1073 4016 1153 4113 esse
