2566 5040
341 238 347 246 '
464 228 876 293 HEROESMEDJCI.
1125 235 1161 298 15
1271 239 1276 253 '

118 413 229 509 igitur
272 405 397 501 religio
438 410 585 502 politica
627 420 727 491 crat.
772 410 1156 506 anthropomorphica:

117 534 335 608 namhomo
357 530 444 627 ipaie
473 555 648 604 sommum
673 532 877 606 habebatur
901 536 1156 631 pulcritudinis

118 659 310 753 exemplar.
668 642 675 650 ⁹

167 783 261 857 Belli
275 779 422 874 Trojani
438 792 597 873 tempore
615 793 727 854 artem
742 780 869 854 iecisse
888 783 1043 867 Hero'e'a,
1066 809 1157 882 quo·

117 933 196 983 rum
217 904 443 978 celeberrimi
471 905 649 979 memor
671 920 710 977 et
730 908 965 992 Pouenarcs,
988 911 1155 983 AEscmae

120 1056 171 1107 ru
190 1031 281 1114 filii,
295 1030 361 1125 qui
378 1029 555 1101 sociorum
570 1030 926 1113 curabantvulnero‚
946 1036 1154 1126 sanguinem

119 1155 299 1237 eiciendo,
317 1152 391 1224 tela
407 1152 467 1225 rel
481 1154 718 1239 extrahendo,
735 1157 804 1227 ¹vel
823 1155 1062 1229 exscindendo
1076 1158 1157 1230 vul·

117 1280 338 1374 neribusque
368 1278 585 1371 imponendo
610 1279 848 1351 medicamina
875 1281 989 1363 lenia.
1010 1279 1163 1355 doloret·

118 1403 317 1501 copientia3
347 1402 507 1472 internos
530 1425 616 1473 vero
642 1405 783 1476 morbos
807 1403 853 1475 ad
880 1405 1039 1476 Deorum
1065 1407 1155 1479 iram

118 1529 228 1602 luisse
245 1526 408 1607 relatos,
435 1525 586 1597 Honnno
606 1540 753 1599 auctore
771 1528 952 1601 discimus.
1039 1536 1041 1543 '

124 1702 127 1706 -
163 1653 255 1724 Erat
281 1674 326 1721 ea
349 1650 510 1721 Heroum
535 1650 756 1723 medicorum
777 1677 836 1724 ara
855 1653 956 1725 rudia
978 1652 1155 1748 quaedam

119 1774 321 1870 chirurgia,
344 1771 460 1869 qualis
482 1763 640 1845 virorum
662 1799 740 1848 esee
771 1787 953 1849 anatomea
970 1776 1155 1873 imperito·

118 1926 198 1975 rum
214 1909 367 1996 oportet
416 1897 505 1968 Nam
523 1908 704 1968 anatomes
722 1900 843 1972 studio
858 1898 1077 1974 Graecorum
1094 1906 1157 1976 ob-

118 2026 239 2099 atebat
266 2023 410 2117 religio,
443 2045 516 2117 qua
544 2021 716 2093 cadavera
738 2023 924 2096 hominum
955 2048 1012 2098 res
1044 2028 1155 2101 habe·

117 2150 251 2222 bantur
276 2159 549 2219 sacro-sanctae.
597 2147 701 2217 Hanc
727 2159 840 2218 artem
857 2151 991 2243 primus
1014 2152 1156 2224 docuis-

117 2273 293 2346 ecfertur
313 2273 450 2344 Crimen
468 2271 726 2344 Centaurorum
743 2271 963 2364 justissimus
976 2275 1041 2345 ille
1061 2299 1156 2346 eam·

115 2422 188 2493 que
218 2395 407 2470 tradidisse
434 2418 514 2466 cum
537 2395 635 2474 aliie,
662 2405 739 2466 turn
757 2396 983 2480 AEscunfflo,
1016 2422 1060 2470 cx
1082 2426 1156 2496 quo

115 2531 208 2592 ante.
225 2521 316 2591 alios
331 2518 502 2592 medendi
522 2518 654 2612 peritia
673 2521 899 2616 nominisque
923 2520 1017 2593 lama
1033 2503 1158 2597 ‘excel-

112 2645 209 2718 lenti
224 2647 342 2718 Deum
361 2645 528 2717 iecerunt
545 2644 745 2734 medicinae
767 2645 1003 2718 inventorem.

517 2904 746 2938 «Φ-

415 3063 870 3168 ΔὸΙΟΙιΕΡΙΛΒΔΕ.

258 3332 500 3392 MEDICINA
533 3333 682 3392 SACRA
713 3332 1020 3394 GRAECORUM.

387 3524 421 3582 Α.
439 3521 513 3584 1200
529 3555 569 3571 -
585 3521 652 3583 500.
679 3539 785 3583 unua
815 3541 902 3581 cna.

166 3753 378 3826 AEscomrro
403 3751 561 3823 Deorum
586 3751 626 3822 in
653 3773 843 3844 numerum
864 3761 1012 3845 recepto
1035 3763 1073 3823 et
1104 3749 1161 3822 di·

114 3877 197 3952 vini
224 3877 415 3950 constituti
444 3875 598 3949 honores
625 3885 663 3948 et
691 3875 824 3970 templa
856 3874 1012 4003 condita.
1060 3878 1161 3950 Sole·
