2566 5040
387 404 464 470 ,n
501 403 889 471 annaneane.
1007 473 1012 484 ,
1117 357 1176 470 ara

136 599 220 649 nem
242 570 289 649 ad
309 577 498 651 sanitatem
520 579 758 674 aptitudinem
779 581 819 653 in
832 578 1031 654 mobilitate
1048 569 1171 656 deter-

132 701 272 776 minata
295 699 487 773 solidorum
508 714 545 774 et
563 702 755 776 fluidorum
777 705 989 786 consistere,
1013 704 1173 777 functio·

129 848 224 897 num
260 825 554 897 exercitationem
591 851 668 900 esse
698 827 916 924 liquidorum
958 851 1023 922 per
1058 830 1172 903 solida

133 945 419 1043 propulsionem:
446 934 609 1020 constans
627 951 855 1042 Bosansevtt
870 973 939 1026 vox
962 963 1026 1023 est
1074 953 1169 1026 Hinc
1197 969 1202 979 ’

132 1071 309 1144 attritam
332 1073 504 1167 explicet,
527 1075 755 1169 persequitur
779 1074 959 1166 sanguinis
978 1086 1016 1146 et
1039 1076 1169 1148 humo·

131 1217 214 1284 pum
236 1215 301 1288 per
332 1195 486 1290 singulas
513 1208 632 1291 partes
662 1197 793 1268 itinera
820 1196 973 1279 docens,
998 1200 1167 1273 universa

108 1319 290 1411 corporis
311 1322 432 1390 munia
452 1320 498 1390 ad
524 1320 704 1415 sanguinis
727 1302 1053 1414 praeparationem,
1084 1324 1167 1417 snb-

126 1441 329 1524 actionem,
346 1441 601 1536 perfectionem
619 1467 829 1515 concurrere
852 1445 963 1540 inque
982 1443 1066 1540 ipsis
1084 1470 1167 1519 ner·

130 1565 185 1639 vis
202 1566 353 1636 similem
373 1565 535 1636 obtinere
546 1567 677 1662 liquidi
695 1567 974 1639 circulationem.
1023 1570 1165 1643 Morbos

130 1703 252 1762 autem
277 1689 357 1767 fieri
379 1691 479 1788 laesa
501 1693 656 1785 partium
685 1691 821 1762 fabrica
845 1703 883 1762 ct
902 1691 1164 1776 mechanismo,

84 1787 89 1797 ’
125 1825 341 1910 mutatoque
354 1824 428 1882 aaut
450 1813 623 1916 impedito
646 1815 835 1884 humorum
853 1837 918 1908 per
937 1839 1020 1885 vasa
1040 1827 1164 1902 motu,

125 1962 150 2012 a
169 1939 282 2008 nimio
310 1936 444 2017 lebres,
480 1934 511 2007 a
528 1949 713 2031 stagnante
740 1924 1051 2020 inflammationes,
1079 1941 1166 2012 ali.
1274 2033 1279 2041 1

125 2061 251 2158 qnoris
278 2062 402 2132 nervei
432 2060 605 2155 impedito
635 2060 854 2155 apoplexias,
880 2060 1066 2155 paralyses.
1116 2062 1163 2134 In

123 2186 283 2279 partium
301 2185 411 2278 igitur
437 2185 571 2256 fabrica
592 2183 813 2256 restituenda
832 2182 1094 2278 humorumque
1116 2184 1163 2254 li·
1278 2218 1280 2223 ·

123 2307 211 2381 bero
236 2307 462 2380 servando'et
481 2309 661 2405 aequabili
678 2320 778 2392 motu
798 2306 883 2404 artis
904 2300 1045 2385 versari,
1065 2326 1164 2381 sum*

123 2455 236 2514 anam,
271 2456 364 2527 quae
392 2443 511 2502 tamen
535 2457 672 2528 semper
700 2433 832 2503 caussis
860 2433 1049 2528 utriusque
1078 2434 1162 2505 vitii

123 2554 383 2629 accommodari
413 2554 531 2626 debet.
588 2559 641 2628 Ex
659 2555 800 2651 ,quibus
827 2555 1011 2633 efficiturz,
1029 2556 1162 2630 doctri·
1215 2653 1217 2656 Α

122 2703 206 2752 nam
217 2682 452 2752 ,Romanam
470 2676 629 2770 inprimis
649 2677 718 2753 niti
739 2680 946 2754 Harvaeano
959 2677 1107 2752 invento
1123 2691 1162 2753 et
1263 2671 1265 2675 Α

123 2817 288 2877 anatome
322 2801 514 2882 subtiliori,
548 2800 757 2895 praesertim
784 2798 1026 2900 *Malpighiana
1048 2813 1159 2899 atqua

122 2929 168 3000 ad
191 2930 286 3020 leges
308 2926 488 3002 ratiocinii
507 2924 706 2995 mechanici
728 2923 837 2994 luisse
858 2905 1073 2996 redactam..
1192 2928 1195 2934 “

127 3120 130 3126 .
158 3052 288 3145 ‘Hujus
313 3062 434 3121 autem
459 3033 621 3143 dogmata
640 3049 874 3142 ipsesumma
899 3048 1158 3142 perspicuitate

121 3175 316 3270 explicare,
352 3171 669 3245 observationibus·
693 3183 731 3241 ct
760 3170 1010 3264 experimentis
1042 3145 1190 3243 omnis'

118 3299 202 3372 aevi
236 3298 434 3380 illustrare,
468 3297 650 3368 hilaritate
687 3293 894 3388 disciplinae
928 3296 1157 3367 severitatem

118 3433 318 3516 temperare
340 3432 511 3515 tantaque
532 3441 727 3513 proponere
747 3416 916 3488 facundia
931 3417 1087 3499 solebat,
1111 3429 1156 3491 ut

117 3544 283 3640 generosi
304 3545 458 3637 juvenes
479 3545 586 3615 talem
617 3542 803 3613 audientes
829 3541 945 3611 virum
970 3539 1015 3611 de
1045 3541 1154 3612 rebus
1212 3522 1243 3585 ’-

116 3667 268 3740 medicis
296 3667 494 3748 dicentem,
520 3691 605 3739 vcro
625 3672 838 3761 caperentur
866 3663 993 3735 horum
1017 3663 1154 3738 studio·
1218 3732 1221 3738 .

113 3800 358 3871 tumamore:
384 3815 457 3887 quo
487 3790 715 3871 factumest,
739 3802 783 3860 ut
806 3786 852 3857 ab
875 3786 943 3856 hac
968 3788 1152 3881 praeclara

109 3917 345 3990 *institutione
365 3916 515 3997 maxime
533 3914 753 3985 emanaverit
762 3910 1021 4009 Bnerhaaviani
1030 3902 1153 3987 {nnmi-
1268 3925 1272 3929 ’

112 4042 172 4116 nis
202 4039 296 4112 lama
313 4041 466 4139 ipseque
482 4050 659 4136 tamquam
676 4034 902 4111 emendatae
914 4035 1152 4115 institutionis

456 4248 486 4355 ,N
