2550 5040
107 435 110 440 .
181 382 252 469 ue
270 378 480 443 marosas
497 378 620 439 msm
639 378 821 445 rmmss
839 379 1058 445 consonus.
1113 383 1155 448 ar

125 556 298 656 pindarum
329 553 375 627 de
389 578 393 587 ·
409 555 510 627 lehre
537 556 752 629 sententiam
781 559 953 629 memoria
987 571 1154 653 repetere

125 681 316 778 oportebit3
350 692 426 753 tum
453 678 550 751 lacta
577 680 672 751 iuter
698 680 794 755 vires
822 693 863 755 et
889 682 1074 757 materiam
1096 684 1154 755 di-

127 805 307 879 rtinctione
331 802 506 873 theoriam
528 815 566 874 et
585 805 711 899 praxin
734 805 958 878 humoralem
981 806 1154 878 limitavit

126 942 161 1003 et
184 928 453 1023 pharmacorum
494 952 537 999 ex
571 928 759 1003 elementis
793 941 833 1004 et
870 929 1152 1025 proprietatibus

128 1053 268 1149 physicis
308 1050 493 1124 damnarit
537 1053 893 1148 interpretationem:
941 1054 1027 1126 hino
1063 1079 1153 1126 eva·

129 1160 318 1254 euantiuin,
343 1178 550 1268 praesertim
566 1179 714 1249 sudores
724 1177 936 1271 pellentium
949 1201 1055 1249 usum
1068 1191 1153 1272 pro-¹

128 1301 273 1394 scripsit:
302 1299 468 1371 sudorem
484 1324 622 1395 semper
645 1325 723 1373 esse
743 1311 886 1396 praeter
904 1311 1069 1371 naturam
1083 1302 1153 1373 do·

127 1440 220 1495 eaust‘
247 1423 336 1521 hine
361 1423 408 1495 de
436 1425 723 1498 medicamentis:
765 1424 883 1519 »Qui
907 1424 1151 1509 arbitrantur,

130 1546 256 1642 inquit,
292 1570 336 1618 ea
373 1572 468 1642 quae
500 1572 646 1643 sapore,
681 1549 813 1632 odore,
845 1548 986 1632 calore,
1020 1572 1151 1623 conre-

130 1672 245 1756 niunt,
266 1655 377 1745 etiam
400 1672 537 1744 viribus
556 1674 767 1755 convenire,
789 1696 865 1745 non
887 1685 985 1745 recte
1003 1674 1152 1768 opinan-

131 1805 189 1867 tur.
233 1796 348 1868 llulta
363 1795 459 1866 enim
474 1794 544 1867 illis
560 1795 710 1878 similia,
735 1788 872 1869 iiribus
887 1797 1073 1870 dissimilia
1087 1799 1153 1873 de·

130 1919 396 2009 prehenduntur.
453 1921 579 2016 Neque
603 1942 688 1991 sane
714 1921 969 2015 purgantium,
1001 1922 1154 1996 diureti-

133 2061 256 2128 corum,
286 2056 351 2116 aut
372 2038 524 2115 alioruin
551 2043 827 2116 medicaminum
853 2045 1078 2119 virtutensi
1104 2073 1153 2122 eo

134 2171 292 2256 pendent,
316 2167 599 2265 quod-calidum
615 2168 663 2240 sit
689 2167 845 2262 aliquid,
869 2181 935 2242 aut
961 2169 1154 2266 frigidum,¹
1207 2155 1210 2162 ’

134 2303 185 2362 mt
198 2295 345 2378 salsum3
370 2292 548 2388 siquidem
564 2314 638 2362 non
653 2290 774 2363 dulcia
794 2294 930 2377 omnia,
955 2306 1020 2365 aut
1035 2295 1152 2379 acria,

100 2444 103 2449 ·
136 2426 185 2486 aut
201 2419 288 2491 saba
305 2416 449 2487 easdem
474 2414 612 2487 habent
633 2415 843 2500 facultates,
870 2417 934 2490 sed
963 2428 1075 2490 totam
1090 2443 1155 2491 na-

136 2546 231 2614 turam
249 2542 377 2613 harum
392 2540 524 2612 virium
543 2562 723 2624 caussam,
746 2540 812 2637 qui
831 2552 978 2636 putant,
1002 2542 1154 2616 minima

75 2694 79 2705 ·
135 2684 250 2740 arero
275 2666 454 2738 aberrant.
511 2663 585 2756 Qui
619 2689 705 2736 vero
737 2676 890 2759 putant,
925 2663 972 2736 do
1003 2667 1154 2760 singulis

130 2804 279 2885 oportere
308 2790 484 2862 rationem
514 2787 690 2871 reddere,
727 2812 838 2885 quare
868 2788 1033 2861 nutriens
1060 2789 1155 2885 quid

126 2916 186 2998 rit,
209 2927 274 2988 aut
301 2937 473 3010 purgans,
507 2925 572 2985 aut
592 2913 832 2995 diureticum,
857 2912 1019 3006 ignorare
1045 2911 1072 2983 ii
1100 2912 1156 2986 ri·

121 3038 264 3122 dentur,
289 3040 444 3135 primum
471 3062 617 3132 parvam
639 3062 716 3109 esse
742 3039 870 3109 harum
899 3039 1155 3132 quaestionum

117 3165 330 3245 utilitatem,
366 3157 499 3251 deinde
531 3163 645 3233 multa
679 3187 757 3235 csse
786 3161 972 3257 principiis
1004 3161 1155 3244 similia,

116 3289 245 3361 nullam
265 3287 494 3360 admittentia
507 3310 653 3360 caussae
667 3288 950 3383 explicationem.
987 3284 1048 3357 Ad
1062 3284 1155 3356 haec

113 3411 278 3484 nonnulli
290 3424 429 3494 errant,
448 3411 553 3506 quod
568 3413 764 3505 incognita,
785 3422 1014 3483 controversa
1028 3419 1066 3479 et
1080 3431 1156 3480 non

111 3536 331 3611 verosimilia
351 3549 593 3616 assumentes,
617 3548 716 3608 recte
734 3559 893 3608 caussam
918 3559 955 3607 se
974 3554 1153 3626 exponere

111 3661 281 3733 credant·
319 3663 444 3757 Neque
470 3662 527 3732 his
558 3661 669 3755 igitur
691 3684 878 3757 perperam
905 3656 1156 3728 ratiocinanti-

108 3785 199 3870 bus,
224 3811 345 3884 neque
366 3787 436 3857 illis
460 3797 592 3857 cuncta
611 3782 931 3878 interpretantibus
956 3780 1155 3853 adtenden-

106 3910 200 3983 dum
219 3925 294 3993 est,
320 3913 382 3985 aed
405 3911 450 3983 iis
468 3911 588 4006 potius
610 3909 802 3979 tribuenda
826 3907 938 3990 fides,
962 3930 1056 4002 quae
1078 3906 1155 3978 lou·

104 4059 225 4132 gaesa
244 4038 467 4133 experientia
488 4035 669 4131 explorata
690 4034 806 4106 sunt.”
896 4112 897 4117 ,
