2566 5040
335 100 350 133 l

30 400 32 404 ·
111 355 219 469 'pan
318 347 1046 455 amuuruauuummunrannmum

112 589 114 596 2
159 553 233 624 lam
258 553 434 621 internam
450 547 611 640 ejusque
633 521 800 614 fabricam
823 547 1042 616 vaseulosam
1063 544 1195 647 deterit

165 672 382 753 Rorscruos,
419 672 748 766 Laaoanruorruos
774 669 958 763 indagavit
985 669 1095 742 lentis
1127 695 1195 766 orp-

165 781 330 865 stalli'nae
354 806 568 866 structuram
595 779 770 862 fibrosam.
923 804 926 809 ’
968 805 1003 890 J

212 920 266 988 De
293 940 423 1009 organo
448 917 594 988 auditus
616 937 743 1009 magua
765 915 950 999 cassaan,
975 918 1198 1003 Putationem

164 1043 344 1114 Dovnaru
374 1042 503 1113 merita
532 1051 639 1121 sunt,
671 1038 834 1110 adhibita
866 1052 1031 1112 anatome
1062 1065 1199 1132 eompa-

161 1179 256 1248 rata,
280 1166 473 1259 ⁴descriptis
494 1163 666 1235 musculis
689 1174 727 1232 et
755 1164 914 1234 ossiculis
940 1161 1125 1244 audituss
1142 1142 1199 1212 (¹⁰⁴

163 1290 369 1384 scriptoque
397 1287 502 1361 nervi
534 1285 706 1359 auditorii
739 1272 807 1381 per'
833 1269 1028 1383 labyrinthi
1061 1273 1216 1362 canales

159 1411 348 1486 desum

212 1539 267 1609 lle
285 1535 523 1631 generationis
545 1536 690 1630 negotio
714 1533 808 1615 duae
836 1515 905 1606 hae
931 1549 1050 1609 aetate
1076 1537 1201 1609 deleu-

166 1686 225 1732 sae
254 1661 415 1732 theoriae
444 1671 547 1741 sunt,
583 1639 791 1756 auctoribus
822 1661 1000 1732 Hanvsno
1029 1673 1067 1734 et
1095 1662 1202 1733 Laru-

53 1838 54 1841 ,
166 1806 399 1866 wunuonruo,
432 1781 584 1878 quorum
608 1784 668 1853 ille
696 1807 800 1854 omne
820 1785 943 1857 vivum
964 1810 1007 1858 ex
1030 1809 1120 1869 oro,
1146 1784 1201 1856 hio

158 1935 214 1990 ver
235 1909 457 1980 animalculis
478 1906 706 1979 seminalibus
724 1907 905 2000 repetivit.

544 2200 831 2225 w

190 2374 192 2379 ⁵
280 2418 1094 2512 oua.uaavar,uaac.usrrroun

464 2596 469 2603 ,
511 2523 869 2584 raan.aorson

209 2776 293 2870 Qui
318 2776 389 2846 hoc
418 2786 577 2871 tempore
596 2776 750 2848 floruere
776 2785 1015 2849 anatome'set
1030 2775 1205 2872 physiolo=

172 2905 251 2998 giae
292 2903 447 2973 cultores
479 2898 566 2986 Gon.
595 2902 769 2988 Haavnr,
810 2905 925 2974 Msac.
956 2903 1140 2972 llamrom
1171 2909 1207 2970 et

153 3029 283 3108 ,Fano
315 3025 478 3103 Rnrscu.
511 3026 684 3117 praeclari
699 3026 914 3106 triumviri,
952 3034 1024 3096 suis
1064 3022 1209 3117 singulis

149 3215 155 3228 ,
172 3149 341 3222 laudibus
357 3141 584 3228 celebrandi,
610 3150 661 3218 ita
681 3161 871 3221 anatomen
890 3159 1145 3252 ereroueruut,
1170 3157 1211 3218 ut

172 3298 237 3370 pro
268 3296 332 3344 sua
353 3272 506 3366 quisque
536 3266 656 3340 indole
690 3274 805 3357 varias
836 3273 1110 3365 ingrederentur
1136 3272 1213 3342 rias

174 3400 346 3496 varioque
369 3393 475 3465 modo
500 3395 715 3465 medicinam
747 3398 1028 3492 locupletarent:
1062 3417 1214 3491 quapro-

174 3520 257 3617 pter
282 3521 406 3601 lobet,
435 3541 496 3589 eos
515 3519 610 3590 inter
635 3543 672 3590 se
693 3519 871 3602 conferre,
897 3533 940 3592 ut
956 3519 1045 3615 quid
1061 3521 1216 3614 quisquo

174 3643 415 3741 praestiterit,
441 3643 672 3735 intelligatur.

214 3769 357 3863 ¹Itaque
379 3766 589 3850 Hierimo,
616 3791 718 3861 sagax
737 3780 774 3840 et
791 3766 918 3840 doetus
936 3779 1087 3839 naturae
1107 3765 1219 3836 inter·

176 3916 277 3988 pres,
310 3887 466 3987 reliquos
491 3903 529 3962 et
555 3894 721 3986 aequales
747 3904 785 3963 et
812 3915 1057 3989 praecessores
1080 3887 1221 3982 ingenii

177 4016 369 4100 felicitate,
388 4016 519 4088 mentis
536 4016 720 4093 alacritate
735 4019 973 4115 narrandique
989 4013 1143 4088 artifieio
1162 4037 1223 4084 su·
