2566 5040
410 125 466 183 JO.
482 123 591 182 olor.
612 124 660 181 AB
684 120 883 180 annuum,
1110 114 1164 176 173

123 301 325 374 robolarum
349 298 512 393 physices
532 297 756 369 documenta.
792 297 977 367 Postremo
995 290 1042 365 de
1061 291 1159 390 ritae

106 428 254 514 <radiae-
272 422 338 513 (de
356 447 429 516 quo
448 423 577 513 nemo)
602 423 735 515 agam.''
773 466 774 470 =
880 474 883 479 .

166 549 288 644 Igitur
311 547 410 618 hisee
436 547 552 618 verbis
578 556 616 616 et
635 541 783 616 Garnae
809 543 1012 644 sobolisque
1033 553 1073 614 et
1092 528 1164 613 Ps-

120 695 280 748 Mormo
298 669 524 742 reformatori
548 669 683 740 bellum
705 656 835 738 indixit
858 691 1058 762 novamque
1079 657 1165 762 pro'-

118 798 224 870 misit
239 796 466 868 medicinam.
514 793 550 865 Α
571 818 609 864 se
627 791 968 887 ipsoeoguosoendo
986 793 1164 895 incipien-

118 924 308 996 domasse
328 931 445 1000 ratus,
469 916 724 1012 deprehendit,
747 915 832 985 moli
851 937 1012 1020 caussam
1028 916 1075 986 ab
1091 916 1163 988 ini·

118 1069 197 1142 quo
222 1041 374 1116 rationis
407 1040 565 1112 dominio
595 1040 798 1136 provenire.
844 1039 953 1110 Hane¹
977 1040 1073 1110 enim
1105 1063 1163 1110 oa-

115 1161 254 1241 dueam
268 1189 345 1238 esse
357 1213 371 1246 ,f
390 1166 597 1248 mortalem,
621 1189 665 1239 ex
677 1166 781 1259 lapsu
805 1175 926 1235 natam
940 1164 1086 1259 soloque
1107 1162 1186 1262 in·-

117 1292 275 1366 tolleotu
298 1289 463 1382 cognosci
480 1312 556 1370 res,
587 1289 709 1382 prouti
737 1301 820 1372 sunt
842 1288 883 1359 in
900 1309 1017 1384 eoque
1038 1289 1163 1359 imme-

115 1418 230 1491 diate
243 1439 321 1491 esse
343 1413 544 1487 veritatem.

169 1543 219 1615 In
236 1533 497 1613 eonstituendis
515 1558 634 1609 rerum
652 1534 767 1609 initiis
791 1561 873 1610 oum
890 1536 1162 1622 Aarsrornmu,

113 1680 201 1742 tum
208 1668 444 1739 Panhormum
457 1682 592 1732 errasse
610 1660 782 1754 graviter:
801 1661 1068 1736 duosuffioere:
1088 1686 1162 1732 ma·
1263 1652 1267 1658 ’

113 1787 252 1862 teriam
274 1799 313 1860 et
332 1785 569 1865 efficientem,
603 1784 680 1858 sire
707 1786 878 1858 archoum
909 1785 1063 1858 labrum.
1111 1786 1162 1858 A·

114 1936 232 2014 quem
260 1922 383 1988 autern
404 1933 481 1981 esse
509 1909 727 1983 elementum
755 1910 1042 2004 primogenitum.
1092 1910 1164 1982 Ar·

114 2041 272 2118 ohenm
298 2034 395 2107 virae
414 2032 599 2107 custodem
613 2034 924 2132 promotoremqne
945 2047 1163 2109 transmuta-

114 2165 263 2237 tinnum
285 2167 325 2230 et
343 2155 527 2230 materiam
550 2143 731 2231 elaborare
756 2172 794 2233 et
821 2184 1010 2255 corporum
1031 2162 1170 2234 defini-·

101 2271 161 2360 're
193 2285 351 2357 formam.
400 2281 446 2352 In
467 2281 631 2376 paradiso
668 2283 838 2356 arabeum
861 2285 1017 2358 ¹viribus,
1032 2298 1162 2380 poten-

117 2421 257 2485 temet
282 2405 329 2478 ab
352 2406 469 2478 anima
495 2405 684 2477 immortali
713 2417 853 2480 rectum
875 2407 946 2477 sibi
973 2379 1031 2482 res
1055 2435 1162 2505 quar-

118 2553 268 2630 onnque
287 2528 504 2625 subjecisse,
527 2551 626 2600 nuno
644 2529 781 2603 viribus
804 2530 960 2604 fractum
978 2553 1047 2605 nee
1071 2535 1160 2617 sibi,

115 2671 166 2734 ut
191 2667 351 2753 oportet,
387 2656 641 2749 imperantem,
666 2655 933 2750 pathemarihus
961 2658 1077 2753 abripi
1107 2661 1161 2732 in-

116 2806 195 2882 que
212 2781 306 2853 mala
324 2778 474 2873 eonjioi:
500 2779 551 2850 sio
575 2778 675 2850 nasei
700 2778 860 2862 morbos,
883 2804 975 2876 quos
994 2805 1114 2880 neque
1139 2810 1162 2856 a

118 2907 219 2979 fietis
237 2903 448 2977 humoribus
469 2927 551 2976 oum
585 2903 735 2985 scholis,
760 2927 879 2999 neque
903 2929 926 2975 a
942 2917 1076 2978 tartaro
1098 2931 1160 3002 pa-

114 3015 209 3103 riter
236 3030 322 3126 fioto
353 3052 436 3100 oum
463 3030 673 3103 Psarcroso
707 3039 872 3123 repetere
899 3029 1028 3102 decet:
1063 3031 1164 3104 huno

114 3153 267 3251 quidem
284 3154 372 3225 salsa
392 3153 604 3248 metaphora
623 3152 970 3250 abduntum‚·quasi
986 3154 1081 3228 vero
1092 3158 1163 3228 eal·
1206 3172 1212 3183 '

117 3279 225 3350 ouius
238 3278 363 3360 fieret,
385 3290 428 3350 ut
448 3302 555 3375 rupes
571 3289 931 3374 repraesentaremus.
957 3277 1030 3351 Neo
1042 3280 1162 3353 minus

115 3400 287 3475 aberrare
313 3402 453 3486 scholas
478 3404 518 3474 in
538 3403 782 3481 catarrhorum
805 3404 910 3496 nugis
935 3403 1172 3491 adornandis.⁸

114 3524 285 3608 Morbum
312 3527 451 3599 soilioet
476 3552 520 3598 ex
547 3528 675 3598 intimo
700 3527 797 3598 ritae
826 3526 932 3598 initio
965 3520 1161 3622 proaedere

113 3647 296 3743 nobisque
318 3650 557 3746 incorporari,
583 3664 764 3748 tamqnam
783 3654 945 3748 ignotum
970 3653 1160 3751 hospitem.
