<?xml version="1.0" encoding="UTF-8"?>
<!DOCTYPE html PUBLIC "-//W3C//DTD XHTML 1.0 Transitional//EN"
    "http://www.w3.org/TR/xhtml1/DTD/xhtml1-transitional.dtd">
<html xmlns="http://www.w3.org/1999/xhtml" xml:lang="en" lang="en">
 <head>
  <title>
</title>
<meta http-equiv="Content-Type" content="text/html;charset=utf-8" />
  <meta name='ocr-system' content='tesseract 3.04.00' />
  <meta name='ocr-capabilities' content='ocr_page ocr_carea ocr_par ocr_line ocrx_word'/>
</head>
<body>
  <div class='ocr_page' id='page_1' title='image "./dehistoriamedic00hoevgoog_0304.png"; bbox 0 0 2566 5040; ppageno 0'>
   <div class='ocr_carea' id='block_1_1' title="bbox 400 410 1164 476">
    <p class='ocr_par' dir='ltr' id='par_1_1' title="bbox 400 410 1164 476">
     <span class='ocr_line' id='line_1_1' title="bbox 400 410 1164 476; baseline 0.008 -6"><span class='ocrx_word' id='word_1_1' title='bbox 400 410 676 472; x_wconf 76' lang='lat' dir='ltr'><strong>uleuurrsuus</strong></span> <span class='ocrx_word' id='word_1_2' title='bbox 695 411 886 471; x_wconf 69' lang='lat' dir='ltr'><strong>auratam.</strong></span> <span class='ocrx_word' id='word_1_3' title='bbox 1101 414 1164 476; x_wconf 75' lang='lat'>²91·</span> 
     </span>
    </p>
   </div>
   <div class='ocr_carea' id='block_1_2' title="bbox 112 558 1256 4244">
    <p class='ocr_par' dir='ltr' id='par_1_2' title="bbox 113 558 1159 2294">
     <span class='ocr_line' id='line_1_2' title="bbox 116 558 1154 684; baseline 0.001 -24"><span class='ocrx_word' id='word_1_4' title='bbox 116 588 297 662; x_wconf 89' lang='lat' dir='ltr'><strong>concitare</strong></span> <span class='ocrx_word' id='word_1_5' title='bbox 324 558 533 683; x_wconf 76' lang='lat' dir='ltr'><strong>magneticia</strong></span> <span class='ocrx_word' id='word_1_6' title='bbox 559 589 685 659; x_wconf 79' lang='lat' dir='ltr'><strong>similia</strong></span> <span class='ocrx_word' id='word_1_7' title='bbox 719 585 828 674; x_wconf 80' lang='lat' dir='ltr'><strong>(hine</strong></span> <span class='ocrx_word' id='word_1_8' title='bbox 852 606 983 657; x_wconf 86' lang='lat' dir='ltr'><strong>nomen</strong></span> <span class='ocrx_word' id='word_1_9' title='bbox 1010 610 1154 684; x_wconf 78' lang='lat' dir='ltr'><strong>magne·</strong></span> 
     </span>
     <span class='ocr_line' id='line_1_3' title="bbox 116 710 1156 806; baseline 0.002 -22"><span class='ocrx_word' id='word_1_10' title='bbox 116 715 214 784; x_wconf 84' lang='lat' dir='ltr'><strong>tiami</strong></span> <span class='ocrx_word' id='word_1_11' title='bbox 244 713 425 806; x_wconf 85' lang='lat' dir='ltr'><strong>animalis)</strong></span> <span class='ocrx_word' id='word_1_12' title='bbox 451 715 490 783; x_wconf 95' lang='lat' dir='ltr'><strong>in</strong></span> <span class='ocrx_word' id='word_1_13' title='bbox 518 735 666 804; x_wconf 86' lang='lat' dir='ltr'><strong>corpora</strong></span> <span class='ocrx_word' id='word_1_14' title='bbox 693 710 807 782; x_wconf 87' lang='lat' dir='ltr'><strong>fluere</strong></span> <span class='ocrx_word' id='word_1_15' title='bbox 830 710 1034 782; x_wconf 73' lang='lat' dir='ltr'><strong>incredibili</strong></span> <span class='ocrx_word' id='word_1_16' title='bbox 1060 715 1156 786; x_wconf 80' lang='lat' dir='ltr'><strong>cele·</strong></span> 
     </span>
     <span class='ocr_line' id='line_1_4' title="bbox 114 834 1154 932; baseline -0.003 -23"><span class='ocrx_word' id='word_1_17' title='bbox 114 839 243 919; x_wconf 88' lang='lat' dir='ltr'><strong>ritate,</strong></span> <span class='ocrx_word' id='word_1_18' title='bbox 269 862 373 932; x_wconf 83' lang='lat' dir='ltr'><strong>agere</strong></span> <span class='ocrx_word' id='word_1_19' title='bbox 399 835 609 916; x_wconf 82' lang='lat' dir='ltr'><strong>indistans,</strong></span> <span class='ocrx_word' id='word_1_20' title='bbox 634 858 698 929; x_wconf 87' lang='lat' dir='ltr'><strong>per</strong></span> <span class='ocrx_word' id='word_1_21' title='bbox 719 835 904 928; x_wconf 83' lang='lat' dir='ltr'><strong>speculum</strong></span> <span class='ocrx_word' id='word_1_22' title='bbox 928 834 1020 907; x_wconf 86' lang='lat' dir='ltr'><strong>lucis</strong></span> <span class='ocrx_word' id='word_1_23' title='bbox 1042 836 1154 908; x_wconf 89' lang='lat' dir='ltr'><strong>instar</strong></span> 
     </span>
     <span class='ocr_line' id='line_1_5' title="bbox 114 959 1159 1053; baseline -0.001 -19"><span class='ocrx_word' id='word_1_24' title='bbox 114 961 274 1043; x_wconf 83' lang='lat' dir='ltr'><strong>reflecti,</strong></span> <span class='ocrx_word' id='word_1_25' title='bbox 300 960 440 1032; x_wconf 89' lang='lat' dir='ltr'><strong>intendi</strong></span> <span class='ocrx_word' id='word_1_26' title='bbox 461 983 567 1029; x_wconf 87' lang='lat' dir='ltr'><strong>sono:</strong></span> <span class='ocrx_word' id='word_1_27' title='bbox 593 983 674 1048; x_wconf 84' lang='lat' dir='ltr'><strong>ease</strong></span> <span class='ocrx_word' id='word_1_28' title='bbox 690 982 857 1053; x_wconf 83' lang='lat' dir='ltr'><strong>corpora,</strong></span> <span class='ocrx_word' id='word_1_29' title='bbox 875 982 975 1052; x_wconf 86' lang='lat' dir='ltr'><strong>quae</strong></span> <span class='ocrx_word' id='word_1_30' title='bbox 992 960 1065 1032; x_wconf 77' lang='lat' dir='ltr'><strong>rim</strong></span> <span class='ocrx_word' id='word_1_31' title='bbox 1091 959 1159 1033; x_wconf 65' lang='lat' dir='ltr'><strong>ha,</strong></span> 
     </span>
     <span class='ocr_line' id='line_1_6' title="bbox 114 1081 1159 1178; baseline 0.002 -22"><span class='ocrx_word' id='word_1_32' title='bbox 114 1086 227 1157; x_wconf 89' lang='lat' dir='ltr'><strong>beant</strong></span> <span class='ocrx_word' id='word_1_33' title='bbox 255 1083 587 1177; x_wconf 81' lang='lat' dir='ltr'><strong>antimagneticam3</strong></span> <span class='ocrx_word' id='word_1_34' title='bbox 622 1081 739 1178; x_wconf 78' lang='lat' dir='ltr'><strong>ipsum</strong></span> <span class='ocrx_word' id='word_1_35' title='bbox 767 1108 853 1156; x_wconf 78' lang='lat' dir='ltr'><strong>vero</strong></span> <span class='ocrx_word' id='word_1_36' title='bbox 880 1085 1159 1176; x_wconf 77' lang='lat' dir='ltr'><strong>magnetiamunr</strong></span> 
     </span>
     <span class='ocr_line' id='line_1_7' title="bbox 116 1205 1156 1305; baseline 0.001 -25"><span class='ocrx_word' id='word_1_37' title='bbox 116 1232 194 1280; x_wconf 86' lang='lat' dir='ltr'><strong>esse</strong></span> <span class='ocrx_word' id='word_1_38' title='bbox 221 1233 242 1278; x_wconf 92' lang='lat' dir='ltr'><strong>a</strong></span> <span class='ocrx_word' id='word_1_39' title='bbox 271 1220 436 1301; x_wconf 78' lang='lat' dir='ltr'><strong>magnete</strong></span> <span class='ocrx_word' id='word_1_40' title='bbox 466 1209 669 1305; x_wconf 79' lang='lat' dir='ltr'><strong>diversum3</strong></span> <span class='ocrx_word' id='word_1_41' title='bbox 700 1231 825 1280; x_wconf 85' lang='lat' dir='ltr'><strong>sanare</strong></span> <span class='ocrx_word' id='word_1_42' title='bbox 855 1205 999 1278; x_wconf 83' lang='lat' dir='ltr'><strong>morbos</strong></span> <span class='ocrx_word' id='word_1_43' title='bbox 1027 1231 1156 1281; x_wconf 81' lang='lat' dir='ltr'><strong>nervo·</strong></span> 
     </span>
     <span class='ocr_line' id='line_1_8' title="bbox 115 1330 1159 1427; baseline -0.001 -24"><span class='ocrx_word' id='word_1_44' title='bbox 115 1355 196 1403; x_wconf 88' lang='lat' dir='ltr'><strong>rum</strong></span> <span class='ocrx_word' id='word_1_45' title='bbox 218 1331 375 1411; x_wconf 85' lang='lat' dir='ltr'><strong>directe,</strong></span> <span class='ocrx_word' id='word_1_46' title='bbox 401 1333 560 1427; x_wconf 85' lang='lat' dir='ltr'><strong>aliosque</strong></span> <span class='ocrx_word' id='word_1_47' title='bbox 582 1331 759 1404; x_wconf 81' lang='lat' dir='ltr'><strong>indirecte</strong></span> <span class='ocrx_word' id='word_1_48' title='bbox 782 1354 918 1426; x_wconf 79' lang='lat' dir='ltr'><strong>perque</strong></span> <span class='ocrx_word' id='word_1_49' title='bbox 942 1355 1027 1401; x_wconf 89' lang='lat' dir='ltr'><strong>eum</strong></span> <span class='ocrx_word' id='word_1_50' title='bbox 1049 1330 1159 1402; x_wconf 60' lang='lat' dir='ltr'><strong>intel*</strong></span> 
     </span>
     <span class='ocr_line' id='line_1_9' title="bbox 113 1453 1159 1550; baseline 0.001 -24"><span class='ocrx_word' id='word_1_51' title='bbox 113 1456 179 1550; x_wconf 86' lang='lat' dir='ltr'><strong>ligi</strong></span> <span class='ocrx_word' id='word_1_52' title='bbox 199 1455 294 1527; x_wconf 83' lang='lat' dir='ltr'><strong>vires</strong></span> <span class='ocrx_word' id='word_1_53' title='bbox 314 1453 612 1539; x_wconf 79' lang='lat' dir='ltr'><strong>medicaminum,</strong></span> <span class='ocrx_word' id='word_1_54' title='bbox 635 1457 772 1529; x_wconf 85' lang='lat' dir='ltr'><strong>morari</strong></span> <span class='ocrx_word' id='word_1_55' title='bbox 788 1454 897 1526; x_wconf 82' lang='lat' dir='ltr'><strong>criacs</strong></span> <span class='ocrx_word' id='word_1_56' title='bbox 922 1465 960 1525; x_wconf 87' lang='lat' dir='ltr'><strong>et</strong></span> <span class='ocrx_word' id='word_1_57' title='bbox 975 1453 1159 1527; x_wconf 85' lang='lat' dir='ltr'><strong>medicum</strong></span> 
     </span>
     <span class='ocr_line' id='line_1_10' title="bbox 116 1577 1157 1673; baseline -0.001 -23"><span class='ocrx_word' id='word_1_58' title='bbox 116 1580 327 1673; x_wconf 77' lang='lat' dir='ltr'><strong>dignoscere</strong></span> <span class='ocrx_word' id='word_1_59' title='bbox 351 1580 564 1673; x_wconf 87' lang='lat' dir='ltr'><strong>compositos</strong></span> <span class='ocrx_word' id='word_1_60' title='bbox 580 1581 731 1651; x_wconf 84' lang='lat' dir='ltr'><strong>maxime</strong></span> <span class='ocrx_word' id='word_1_61' title='bbox 754 1591 794 1650; x_wconf 89' lang='lat' dir='ltr'><strong>et</strong></span> <span class='ocrx_word' id='word_1_62' title='bbox 811 1577 1042 1672; x_wconf 89' lang='lat' dir='ltr'><strong>complicatos</strong></span> <span class='ocrx_word' id='word_1_63' title='bbox 1064 1602 1157 1650; x_wconf 87' lang='lat' dir='ltr'><strong>mor-</strong></span> 
     </span>
     <span class='ocr_line' id='line_1_11' title="bbox 115 1682 1158 1798; baseline -0.002 -23"><span class='ocrx_word' id='word_1_64' title='bbox 115 1682 447 1798; x_wconf 79' lang='lat' dir='ltr'><strong>lrossummamque</strong></span> <span class='ocrx_word' id='word_1_65' title='bbox 467 1703 602 1774; x_wconf 89' lang='lat' dir='ltr'><strong>idcirco</strong></span> <span class='ocrx_word' id='word_1_66' title='bbox 624 1702 825 1774; x_wconf 89' lang='lat' dir='ltr'><strong>medicinae</strong></span> <span class='ocrx_word' id='word_1_67' title='bbox 847 1704 1056 1797; x_wconf 81' lang='lat' dir='ltr'><strong>promittere</strong></span> <span class='ocrx_word' id='word_1_68' title='bbox 1077 1728 1158 1797; x_wconf 86' lang='lat' dir='ltr'><strong>per·</strong></span> 
     </span>
     <span class='ocr_line' id='line_1_12' title="bbox 117 1826 1156 1908; baseline -0.003 -9"><span class='ocrx_word' id='word_1_69' title='bbox 117 1827 322 1899; x_wconf 86' lang='lat' dir='ltr'><strong>lectionem.</strong></span> <span class='ocrx_word' id='word_1_70' title='bbox 371 1829 421 1901; x_wconf 90' lang='lat' dir='ltr'><strong>Ut</strong></span> <span class='ocrx_word' id='word_1_71' title='bbox 439 1851 513 1899; x_wconf 90' lang='lat' dir='ltr'><strong>una</strong></span> <span class='ocrx_word' id='word_1_72' title='bbox 532 1826 780 1899; x_wconf 86' lang='lat' dir='ltr'><strong>tantummodo</strong></span> <span class='ocrx_word' id='word_1_73' title='bbox 797 1837 947 1908; x_wconf 83' lang='lat' dir='ltr'><strong>natura,</strong></span> <span class='ocrx_word' id='word_1_74' title='bbox 971 1851 1044 1899; x_wconf 89' lang='lat' dir='ltr'><strong>una</strong></span> <span class='ocrx_word' id='word_1_75' title='bbox 1059 1827 1156 1907; x_wconf 87' lang='lat' dir='ltr'><strong>rita,</strong></span> 
     </span>
     <span class='ocr_line' id='line_1_13' title="bbox 116 1947 1157 2034; baseline -0.001 -12"><span class='ocrx_word' id='word_1_76' title='bbox 116 1977 192 2022; x_wconf 90' lang='lat' dir='ltr'><strong>una</strong></span> <span class='ocrx_word' id='word_1_77' title='bbox 215 1953 366 2034; x_wconf 85' lang='lat' dir='ltr'><strong>sanitas,</strong></span> <span class='ocrx_word' id='word_1_78' title='bbox 388 1954 440 2023; x_wconf 84' lang='lat' dir='ltr'><strong>sic</strong></span> <span class='ocrx_word' id='word_1_79' title='bbox 464 1978 577 2025; x_wconf 91' lang='lat' dir='ltr'><strong>unum</strong></span> <span class='ocrx_word' id='word_1_80' title='bbox 603 1947 681 2023; x_wconf 74' lang='lat' dir='ltr'><strong>ess&#39;e</strong></span> <span class='ocrx_word' id='word_1_81' title='bbox 702 1950 887 2032; x_wconf 85' lang='lat' dir='ltr'><strong>morbum,</strong></span> <span class='ocrx_word' id='word_1_82' title='bbox 911 1972 1024 2022; x_wconf 87' lang='lat' dir='ltr'><strong>unum</strong></span> <span class='ocrx_word' id='word_1_83' title='bbox 1042 1972 1157 2021; x_wconf 89' lang='lat' dir='ltr'><strong>reme·</strong></span> 
     </span>
     <span class='ocr_line' id='line_1_14' title="bbox 115 2072 1157 2170; baseline -0.004 -23"><span class='ocrx_word' id='word_1_84' title='bbox 115 2076 237 2157; x_wconf 87' lang='lat' dir='ltr'><strong>diurn,</strong></span> <span class='ocrx_word' id='word_1_85' title='bbox 262 2099 371 2145; x_wconf 89' lang='lat' dir='ltr'><strong>unam</strong></span> <span class='ocrx_word' id='word_1_86' title='bbox 390 2079 629 2158; x_wconf 86' lang='lat' dir='ltr'><strong>sanationem,</strong></span> <span class='ocrx_word' id='word_1_87' title='bbox 645 2098 747 2170; x_wconf 80' lang='lat' dir='ltr'><strong>quae</strong></span> <span class='ocrx_word' id='word_1_88' title='bbox 769 2075 921 2148; x_wconf 83' lang='lat' dir='ltr'><strong>crisibus</strong></span> <span class='ocrx_word' id='word_1_89' title='bbox 939 2072 1136 2144; x_wconf 84' lang='lat' dir='ltr'><strong>absolvitur</strong></span> <span class='ocrx_word' id='word_1_90' title='bbox 1143 2122 1157 2156; x_wconf 80' lang='lat'><em>,</em></span> 
     </span>
     <span class='ocr_line' id='line_1_15' title="bbox 114 2176 800 2294; baseline 0.003 -26"><span class='ocrx_word' id='word_1_91' title='bbox 114 2176 205 2294; x_wconf 79' lang='lat' dir='ltr'><strong>quas</strong></span> <span class='ocrx_word' id='word_1_92' title='bbox 231 2210 311 2269; x_wconf 89' lang='lat' dir='ltr'><strong>tuto</strong></span> <span class='ocrx_word' id='word_1_93' title='bbox 334 2202 511 2271; x_wconf 87' lang='lat' dir='ltr'><strong>accelerat</strong></span> <span class='ocrx_word' id='word_1_94' title='bbox 534 2201 800 2294; x_wconf 75' lang='lat' dir='ltr'><strong>magnetismus·</strong></span> 
     </span>
    </p>

    <p class='ocr_par' dir='ltr' id='par_1_3' title="bbox 112 2321 1256 4164">
     <span class='ocr_line' id='line_1_16' title="bbox 165 2321 1158 2416; baseline 0.001 -23"><span class='ocrx_word' id='word_1_95' title='bbox 165 2323 286 2416; x_wconf 88' lang='lat' dir='ltr'><strong>Quum</strong></span> <span class='ocrx_word' id='word_1_96' title='bbox 305 2324 392 2395; x_wconf 89' lang='lat' dir='ltr'><strong>ordo</strong></span> <span class='ocrx_word' id='word_1_97' title='bbox 409 2325 630 2396; x_wconf 89' lang='lat' dir='ltr'><strong>medicorum</strong></span> <span class='ocrx_word' id='word_1_98' title='bbox 647 2348 724 2395; x_wconf 84' lang='lat' dir='ltr'><strong>sese</strong></span> <span class='ocrx_word' id='word_1_99' title='bbox 742 2335 781 2394; x_wconf 85' lang='lat' dir='ltr'><strong>et</strong></span> <span class='ocrx_word' id='word_1_100' title='bbox 797 2324 969 2394; x_wconf 83' lang='lat' dir='ltr'><strong>llasrruuo</strong></span> <span class='ocrx_word' id='word_1_101' title='bbox 987 2333 1025 2393; x_wconf 86' lang='lat' dir='ltr'><strong>et</strong></span> <span class='ocrx_word' id='word_1_102' title='bbox 1044 2321 1158 2416; x_wconf 83' lang='lat' dir='ltr'><strong>hujus</strong></span> 
     </span>
     <span class='ocr_line' id='line_1_17' title="bbox 115 2445 1159 2554; baseline 0 -37"><span class='ocrx_word' id='word_1_103' title='bbox 115 2447 213 2517; x_wconf 85' lang='lat' dir='ltr'><strong>socio</strong></span> <span class='ocrx_word' id='word_1_104' title='bbox 248 2446 399 2516; x_wconf 78' lang='lat' dir='ltr'><strong>n’Esma</strong></span> <span class='ocrx_word' id='word_1_105' title='bbox 433 2451 530 2517; x_wconf 88' lang='lat' dir='ltr'><strong>omni</strong></span> <span class='ocrx_word' id='word_1_106' title='bbox 565 2448 603 2516; x_wconf 80' lang='lat' dir='ltr'><strong>vi</strong></span> <span class='ocrx_word' id='word_1_107' title='bbox 631 2458 847 2540; x_wconf 89' lang='lat' dir='ltr'><strong>opponeret,</strong></span> <span class='ocrx_word' id='word_1_108' title='bbox 881 2446 921 2515; x_wconf 91' lang='lat' dir='ltr'><strong>hi</strong></span> <span class='ocrx_word' id='word_1_109' title='bbox 944 2446 1049 2554; x_wconf 68' lang='lat' dir='ltr'><strong>¹aulae</strong></span> <span class='ocrx_word' id='word_1_110' title='bbox 1086 2445 1159 2517; x_wconf 80' lang='lat' dir='ltr'><strong>sihi</strong></span> 
     </span>
     <span class='ocr_line' id='line_1_18' title="bbox 116 2543 1157 2663; baseline -0.004 -21"><span class='ocrx_word' id='word_1_111' title='bbox 116 2569 405 2642; x_wconf 84' lang='lat' dir='ltr'><strong>benevolentiam</strong></span> <span class='ocrx_word' id='word_1_112' title='bbox 430 2543 651 2663; x_wconf 81' lang='lat' dir='ltr'><strong>comparare,</strong></span> <span class='ocrx_word' id='word_1_113' title='bbox 681 2569 852 2639; x_wconf 79' lang='lat' dir='ltr'><strong>archiatri</strong></span> <span class='ocrx_word' id='word_1_114' title='bbox 878 2589 1005 2660; x_wconf 87' lang='lat' dir='ltr'><strong>opera,</strong></span> <span class='ocrx_word' id='word_1_115' title='bbox 1036 2568 1157 2638; x_wconf 84' lang='lat' dir='ltr'><strong>stude-</strong></span> 
     </span>
     <span class='ocr_line' id='line_1_19' title="bbox 116 2669 1256 2782; baseline -0.001 -17"><span class='ocrx_word' id='word_1_116' title='bbox 116 2695 215 2767; x_wconf 87' lang='lat' dir='ltr'><strong>bant.</strong></span> <span class='ocrx_word' id='word_1_117' title='bbox 264 2695 338 2766; x_wconf 86' lang='lat' dir='ltr'><strong>Nec</strong></span> <span class='ocrx_word' id='word_1_118' title='bbox 358 2704 498 2775; x_wconf 90' lang='lat' dir='ltr'><strong>tamen,</strong></span> <span class='ocrx_word' id='word_1_119' title='bbox 523 2693 609 2764; x_wconf 87' lang='lat' dir='ltr'><strong>licet</strong></span> <span class='ocrx_word' id='word_1_120' title='bbox 630 2695 978 2782; x_wconf 81' lang='lat' dir='ltr'><strong>Mnsuuaomagnum</strong></span> <span class='ocrx_word' id='word_1_121' title='bbox 995 2690 1158 2764; x_wconf 87' lang='lat' dir='ltr'><strong>oblatum</strong></span> <span class='ocrx_word' id='word_1_122' title='bbox 1215 2746 1217 2751; x_wconf 67' lang='lat'><em>.</em></span> <span class='ocrx_word' id='word_1_123' title='bbox 1255 2669 1256 2672; x_wconf 8' lang='grc' dir='ltr'><strong>Ἴ</strong></span> 
     </span>
     <span class='ocr_line' id='line_1_20' title="bbox 117 2817 1157 2912; baseline -0.005 -20"><span class='ocrx_word' id='word_1_124' title='bbox 117 2820 228 2893; x_wconf 83' lang='lat' dir='ltr'><strong>suerit</strong></span> <span class='ocrx_word' id='word_1_125' title='bbox 240 2818 458 2912; x_wconf 86' lang='lat' dir='ltr'><strong>stipendium</strong></span> <span class='ocrx_word' id='word_1_126' title='bbox 474 2841 649 2902; x_wconf 91' lang='lat' dir='ltr'><strong>annuum,</strong></span> <span class='ocrx_word' id='word_1_127' title='bbox 675 2818 887 2889; x_wconf 89' lang='lat' dir='ltr'><strong>siarcanum</strong></span> <span class='ocrx_word' id='word_1_128' title='bbox 905 2817 1099 2898; x_wconf 85' lang='lat' dir='ltr'><strong>revelaret,</strong></span> <span class='ocrx_word' id='word_1_129' title='bbox 1125 2817 1157 2888; x_wconf 81' lang='lat' dir='ltr'><strong>is</strong></span> 
     </span>
     <span class='ocr_line' id='line_1_21' title="bbox 116 2940 1157 3036; baseline -0.004 -19"><span class='ocrx_word' id='word_1_130' title='bbox 116 2942 265 3017; x_wconf 85' lang='lat' dir='ltr'><strong>Parisiis</strong></span> <span class='ocrx_word' id='word_1_131' title='bbox 295 2945 425 3012; x_wconf 89' lang='lat' dir='ltr'><strong>morari</strong></span> <span class='ocrx_word' id='word_1_132' title='bbox 451 2944 590 3016; x_wconf 83' lang='lat' dir='ltr'><strong>voluit:</strong></span> <span class='ocrx_word' id='word_1_133' title='bbox 619 2943 685 3025; x_wconf 80' lang='lat' dir='ltr'><strong>sed</strong></span> <span class='ocrx_word' id='word_1_134' title='bbox 710 2941 756 3013; x_wconf 81' lang='lat' dir='ltr'><strong>alr</strong></span> <span class='ocrx_word' id='word_1_135' title='bbox 778 2940 856 3036; x_wconf 91' lang='lat' dir='ltr'><strong>ipso</strong></span> <span class='ocrx_word' id='word_1_136' title='bbox 882 2940 980 3012; x_wconf 84' lang='lat' dir='ltr'><strong>socio</strong></span> <span class='ocrx_word' id='word_1_137' title='bbox 1006 2941 1157 3013; x_wconf 79' lang='lat' dir='ltr'><strong>relictus</strong></span> 
     </span>
     <span class='ocr_line' id='line_1_22' title="bbox 116 3066 1157 3162; baseline -0.002 -23"><span class='ocrx_word' id='word_1_138' title='bbox 116 3069 285 3140; x_wconf 88' lang='lat' dir='ltr'><strong>aliorsum</strong></span> <span class='ocrx_word' id='word_1_139' title='bbox 303 3066 403 3137; x_wconf 86' lang='lat' dir='ltr'><strong>abiit.</strong></span> <span class='ocrx_word' id='word_1_140' title='bbox 452 3067 559 3140; x_wconf 81' lang='lat' dir='ltr'><strong>Brevi</strong></span> <span class='ocrx_word' id='word_1_141' title='bbox 575 3079 657 3162; x_wconf 88' lang='lat' dir='ltr'><strong>post</strong></span> <span class='ocrx_word' id='word_1_142' title='bbox 672 3079 792 3139; x_wconf 88' lang='lat' dir='ltr'><strong>tamen</strong></span> <span class='ocrx_word' id='word_1_143' title='bbox 806 3090 970 3138; x_wconf 83' lang='lat' dir='ltr'><strong>reversus</strong></span> <span class='ocrx_word' id='word_1_144' title='bbox 989 3076 1061 3147; x_wconf 84' lang='lat' dir='ltr'><strong>eet,</strong></span> <span class='ocrx_word' id='word_1_145' title='bbox 1080 3088 1157 3137; x_wconf 89' lang='lat' dir='ltr'><strong>uon</strong></span> 
     </span>
     <span class='ocr_line' id='line_1_23' title="bbox 112 3191 1157 3286; baseline -0.002 -22"><span class='ocrx_word' id='word_1_146' title='bbox 112 3193 262 3284; x_wconf 90' lang='lat' dir='ltr'><strong>publiea</strong></span> <span class='ocrx_word' id='word_1_147' title='bbox 282 3191 518 3271; x_wconf 84' lang='lat' dir='ltr'><strong>auctoritate,</strong></span> <span class='ocrx_word' id='word_1_148' title='bbox 542 3192 605 3263; x_wconf 84' lang='lat' dir='ltr'><strong>sed</strong></span> <span class='ocrx_word' id='word_1_149' title='bbox 623 3192 844 3286; x_wconf 86' lang='lat' dir='ltr'><strong>privatorum</strong></span> <span class='ocrx_word' id='word_1_150' title='bbox 860 3192 1066 3272; x_wconf 76' lang='lat' dir='ltr'><strong>voluntate.</strong></span> <span class='ocrx_word' id='word_1_151' title='bbox 1091 3192 1157 3285; x_wconf 91' lang='lat' dir='ltr'><strong>qui</strong></span> 
     </span>
     <span class='ocr_line' id='line_1_24' title="bbox 116 3315 1157 3410; baseline -0.002 -22"><span class='ocrx_word' id='word_1_152' title='bbox 116 3317 274 3388; x_wconf 82' lang='lat' dir='ltr'><strong>scholam</strong></span> <span class='ocrx_word' id='word_1_153' title='bbox 291 3317 528 3410; x_wconf 86' lang='lat' dir='ltr'><strong>magneticam</strong></span> <span class='ocrx_word' id='word_1_154' title='bbox 543 3316 644 3387; x_wconf 88' lang='lat' dir='ltr'><strong>abeo</strong></span> <span class='ocrx_word' id='word_1_155' title='bbox 657 3316 764 3386; x_wconf 91' lang='lat' dir='ltr'><strong>condi</strong></span> <span class='ocrx_word' id='word_1_156' title='bbox 783 3315 986 3408; x_wconf 79' lang='lat' dir='ltr'><strong>cupientes,</strong></span> <span class='ocrx_word' id='word_1_157' title='bbox 1002 3315 1157 3386; x_wconf 67' lang='lat' dir='ltr'><strong>societas</strong></span> 
     </span>
     <span class='ocr_line' id='line_1_25' title="bbox 118 3440 1158 3538; baseline -0.003 -25"><span class='ocrx_word' id='word_1_158' title='bbox 118 3454 191 3513; x_wconf 88' lang='lat' dir='ltr'><strong>tem</strong></span> <span class='ocrx_word' id='word_1_159' title='bbox 212 3440 388 3521; x_wconf 84' lang='lat' dir='ltr'><strong>inierunt,</strong></span> <span class='ocrx_word' id='word_1_160' title='bbox 414 3441 553 3534; x_wconf 83' lang='lat' dir='ltr'><strong>ingenti</strong></span> <span class='ocrx_word' id='word_1_161' title='bbox 576 3441 730 3534; x_wconf 88' lang='lat' dir='ltr'><strong>pecunia</strong></span> <span class='ocrx_word' id='word_1_162' title='bbox 752 3441 856 3523; x_wconf 81' lang='lat' dir='ltr'><strong>data,</strong></span> <span class='ocrx_word' id='word_1_163' title='bbox 880 3449 925 3509; x_wconf 89' lang='lat' dir='ltr'><strong>ut</strong></span> <span class='ocrx_word' id='word_1_164' title='bbox 947 3440 994 3538; x_wconf 86' lang='lat' dir='ltr'><strong>ab</strong></span> <span class='ocrx_word' id='word_1_165' title='bbox 1017 3464 1062 3511; x_wconf 90' lang='lat' dir='ltr'><strong>eo</strong></span> <span class='ocrx_word' id='word_1_166' title='bbox 1080 3458 1158 3535; x_wconf 73' lang='lat' dir='ltr'><strong>my·</strong></span> 
     </span>
     <span class='ocr_line' id='line_1_26' title="bbox 116 3565 1157 3661; baseline -0.004 -23"><span class='ocrx_word' id='word_1_167' title='bbox 116 3566 236 3638; x_wconf 86' lang='lat' dir='ltr'><strong>steriis</strong></span> <span class='ocrx_word' id='word_1_168' title='bbox 266 3565 507 3638; x_wconf 86' lang='lat' dir='ltr'><strong>initiarentur.</strong></span> <span class='ocrx_word' id='word_1_169' title='bbox 565 3565 740 3661; x_wconf 19' lang='lat' dir='ltr'><strong>Siclordo</strong></span> <span class='ocrx_word' id='word_1_170' title='bbox 770 3565 983 3637; x_wconf 84' lang='lat' dir='ltr'><strong>Harmoniae</strong></span> <span class='ocrx_word' id='word_1_171' title='bbox 1020 3566 1157 3648; x_wconf 86' lang='lat' dir='ltr'><strong>creari,</strong></span> 
     </span>
     <span class='ocr_line' id='line_1_27' title="bbox 115 3689 1157 3784; baseline -0.004 -21"><span class='ocrx_word' id='word_1_172' title='bbox 115 3693 235 3763; x_wconf 88' lang='lat' dir='ltr'><strong>locum</strong></span> <span class='ocrx_word' id='word_1_173' title='bbox 266 3690 461 3761; x_wconf 87' lang='lat' dir='ltr'><strong>curationis</strong></span> <span class='ocrx_word' id='word_1_174' title='bbox 481 3689 668 3772; x_wconf 89' lang='lat' dir='ltr'><strong>constitui,</strong></span> <span class='ocrx_word' id='word_1_175' title='bbox 693 3690 814 3784; x_wconf 86' lang='lat' dir='ltr'><strong>plures</strong></span> <span class='ocrx_word' id='word_1_176' title='bbox 835 3700 1060 3780; x_wconf 78' lang='lat' dir='ltr'><strong>aegrotantes</strong></span> <span class='ocrx_word' id='word_1_177' title='bbox 1082 3712 1157 3759; x_wconf 83' lang='lat' dir='ltr'><strong>sus·</strong></span> 
     </span>
     <span class='ocr_line' id='line_1_28' title="bbox 117 3813 1156 3912; baseline -0.003 -25"><span class='ocrx_word' id='word_1_178' title='bbox 117 3818 192 3911; x_wconf 89' lang='lat' dir='ltr'><strong>cipi</strong></span> <span class='ocrx_word' id='word_1_179' title='bbox 210 3819 357 3912; x_wconf 88' lang='lat' dir='ltr'><strong>ipseque</strong></span> <span class='ocrx_word' id='word_1_180' title='bbox 379 3818 568 3889; x_wconf 83' lang='lat' dir='ltr'><strong>Musueaes</strong></span> <span class='ocrx_word' id='word_1_181' title='bbox 583 3813 782 3888; x_wconf 75' lang='lat' dir='ltr'><strong>lautissuna</strong></span> <span class='ocrx_word' id='word_1_182' title='bbox 800 3813 840 3883; x_wconf 93' lang='lat' dir='ltr'><strong>in</strong></span> <span class='ocrx_word' id='word_1_183' title='bbox 860 3836 900 3885; x_wconf 82' lang='lat' dir='ltr'><strong>re</strong></span> <span class='ocrx_word' id='word_1_184' title='bbox 920 3814 1056 3886; x_wconf 84' lang='lat' dir='ltr'><strong>reraari</strong></span> <span class='ocrx_word' id='word_1_185' title='bbox 1076 3824 1156 3884; x_wconf 86' lang='lat' dir='ltr'><strong>coe·</strong></span> 
     </span>
     <span class='ocr_line' id='line_1_29' title="bbox 117 3944 365 4038; baseline 0.016 -25"><span class='ocrx_word' id='word_1_186' title='bbox 117 3944 182 4038; x_wconf 91' lang='lat' dir='ltr'><strong>pit.</strong></span> <span class='ocrx_word' id='word_1_187' title='bbox 364 4013 365 4017; x_wconf 73' lang='grc'>,</span> 
     </span>
     <span class='ocr_line' id='line_1_30' title="bbox 168 4053 1158 4164; baseline -0.004 -25"><span class='ocrx_word' id='word_1_188' title='bbox 168 4053 307 4140; x_wconf 83' lang='lat' dir='ltr'><strong>lterum</strong></span> <span class='ocrx_word' id='word_1_189' title='bbox 331 4069 470 4164; x_wconf 85' lang='lat' dir='ltr'><strong>allega</strong></span> <span class='ocrx_word' id='word_1_190' title='bbox 496 4063 552 4162; x_wconf 78' lang='lat' dir='ltr'><strong>(a.</strong></span> <span class='ocrx_word' id='word_1_191' title='bbox 573 4060 701 4160; x_wconf 70' lang='lat'><strong>1784.)</strong></span> <span class='ocrx_word' id='word_1_192' title='bbox 730 4062 801 4139; x_wconf 81' lang='lat' dir='ltr'><strong>riri</strong></span> <span class='ocrx_word' id='word_1_193' title='bbox 823 4062 955 4145; x_wconf 87' lang='lat' dir='ltr'><strong>electi,</strong></span> <span class='ocrx_word' id='word_1_194' title='bbox 988 4063 1158 4161; x_wconf 78' lang='lat' dir='ltr'><strong>quirem</strong></span> 
     </span>
    </p>

    <p class='ocr_par' dir='ltr' id='par_1_4' title="bbox 671 4181 974 4244">
     <span class='ocr_line' id='line_1_31' title="bbox 671 4181 974 4244; baseline 0 0"><span class='ocrx_word' id='word_1_195' title='bbox 671 4181 674 4191; x_wconf 86' lang='lat'>&#39;</span> <span class='ocrx_word' id='word_1_196' title='bbox 916 4181 974 4244; x_wconf 71' lang='lat'><strong>19*</strong></span> 
     </span>
    </p>
   </div>
   <div class='ocr_carea' id='block_1_3' title="bbox 0 0 1288 5040">
    <p class='ocr_par' dir='ltr' id='par_1_5' title="bbox 0 0 1288 5040">
     <span class='ocr_line' id='line_1_32' title="bbox 0 0 1288 5040; baseline 0 0"><span class='ocrx_word' id='word_1_197' title='bbox 0 0 1288 5040; x_wconf 95' lang='lat' dir='ltr'><strong> </strong></span> 
     </span>
    </p>
   </div>
  </div>
 </body>
</html>
