2566 5040
331 390 623 452 oecumenem
648 393 851 454 scalenon.
885 398 888 403 '
1078 393 1116 456 97

77 576 129 624 nos
157 561 197 636 iu
213 566 284 636 hac
307 578 384 637 arte
411 567 564 649 docere,
599 569 745 640 anullo
774 580 881 639 antea
907 570 1111 666 antiquiore

77 702 367 770 commemorata,
399 691 609 782 praesertim
637 693 777 763 sicum
807 693 917 763 Caeso
946 694 1112 764 confera-

73 812 151 891 tur,
177 816 237 910 qui
256 814 457 906 chirurgiae
481 826 613 885 statum
632 818 895 891 accuratissime
920 818 1031 911 apud·
1047 842 1110 888 re·

67 935 167 1007 teres
181 951 262 1010 ante
279 937 403 1007 oculos
420 941 562 1029 posuit,
587 939 647 1008 cui
664 940 810 1032 quidem
832 939 970 1013 Garum
989 955 1109 1014 aetate

62 1052 129 1127 vix
146 1063 339 1175 quicquain
359 1062 572 1130 incrementi
598 1064 756 1131 accessit.
806 1065 1005 1157 Praecipua
1028 1067 1110 1159 ejus

60 1184 194 1256 merita
220 1185 407 1267 feruntur:
442 1183 571 1253 calculi
604 1186 716 1253 sectio
745 1185 791 1255 ab
820 1211 864 1256 eo
893 1189 1107 1270 emendata,

58 1317 152 1378 tlaus
174 1308 415 1379 cauteriorum
441 1308 550 1377 latius
570 1308 750 1379 indicatus
775 1307 867 1404 (qua
888 1310 927 1381 in
953 1335 991 1382 re
1012 1314 1107 1383 Ara-

57 1417 130 1500 bes
151 1432 281 1504 habuit
306 1432 504 1501 imitatores
537 1432 699 1526 sedulos)
726 1435 892 1514 vulnera,
925 1432 1104 1506 fracturae

59 1567 260 1653 ttitiumque
285 1556 488 1627 curationes
510 1555 603 1626 bene
628 1558 826 1650 expositae,
853 1554 1002 1651 simplex
1032 1582 1106 1628 me-
1133 1565 1137 1573 '

62 1668 174 1753 dendi
186 1679 379 1753 methodus
396 1679 628 1772 complicatae
648 1691 685 1750 et
703 1679 881 1753 violentae
898 1703 1105 1775 praecesso-

13 1792 17 1802 ’
66 1807 143 1875 rtim
160 1807 336 1901 praelata:
363 1801 515 1873 atresiae
545 1803 605 1874 ani
631 1805 843 1897 congenitae
870 1806 1010 1876 curatio
1038 1830 1103 1900 per

71 1929 277 2009 sectionem,
304 1928 489 2000 testiculos
513 1926 744 1999 exscindendi
769 1929 880 2018 ratio,
904 1930 1015 2022 ligato
1038 1931 1104 2002 de·

47 2065 161 2141 'mum
188 2042 371 2132 funiculo,
403 2075 613 2146 aneurysma
650 2037 804 2146 ligatura
830 2053 968 2145 duplici
997 2078 1102 2126 cura·

81 2174 154 2258 lum,
178 2177 420 2271 paracentesis
439 2189 517 2247 tum
535 2177 576 2246 in
595 2175 713 2247 medio
731 2176 920 2248 abdomine
932 2231 947 2260 ,.
964 2181 1101 2252 tumin
1172 2191 1174 2197 '

81 2294 205 2372 sinistro
231 2311 297 2372 aut
318 2301 443 2372 dextro
466 2302 600 2381 latere,
626 2301 722 2371 liene
752 2323 878 2394 aegro,
909 2302 1098 2377 instituta:
1160 2396 1164 2408 .

76 2417 297 2517 injectionem
318 2425 576 2497 medicaturum
595 2448 659 2518 per
678 2424 900 2498 cathetercm
915 2429 954 2498 in
966 2429 1099 2501 morbis

68 2550 204 2627 rasicae
224 2547 510 2635 administratio:
535 2550 596 2619 ani
621 2547 761 2620 fistulae
792 2551 942 2620 curandi
959 2553 1104 2623 metho·'

61 2670 149 2759 dus,
173 2697 267 2769 quae
294 2673 455 2745 Carreum
476 2673 590 2744 nostri
610 2670 779 2766 suffragia
803 2675 947 2747 meruit.
994 2674 1097 2766 Quae

51 2797 259 2882 sufficient,
295 2797 595 2895 uthintelligatim
628 2820 692 2868 cur
715 2798 864 2871 Parcus
897 2796 1098 2891 principem
1128 2796 1132 2805 '

13 2905 17 2915 ¹
45 2923 285 3019 antiquitatis
309 2923 517 3019 chirurgum
540 2920 734 3004 celebrent.

437 3220 729 3247 ...ι-*1.*
833 3234 836 3239 ,

56 3451 123 3512 nn
142 3419 337 3506 unnrcuoi
356 3448 511 3508 aarum
531 3447 752 3507 A.1x.1NuE
774 3442 924 3504 sucuuo
942 3444 1074 3518 usoun

145 3556 198 3610 an
218 3553 399 3613 occasun
417 3555 571 3614 rurnau
589 3552 740 3613 consur
759 3553 801 3611 ru
820 3551 1012 3610 caraune.

111 3804 257 3878 Ultimis
286 3806 400 3898 Regni
432 3802 621 3901 Byzantini
651 3801 893 3897 temporibus,
926 3802 1094 3895 neglecto
1156 3892 1159 3898 Ι

32 3933 126 4005 fere
146 3931 245 3999 omni
272 3930 447 4001 bonarum
476 3933 608 4002 artium
631 3927 771 4033 studio,
796 3927 859 4020 qui
889 3925 935 3996 de
961 3948 1000 3995 re
1022 3947 1097 3994 me·

30 4055 132 4130 dica
163 4055 383 4149 scripserunt
415 4052 578 4133 auctores
592 4106 611 4139 ‚⁸
636 4065 700 4127 aut
727 4048 897 4147 plagiarii.
927 4047 1095 4134 luerunt,

738 4158 744 4170 ⁸
889 4167 907 4228 7
