2566 5040
117 401 171 461 lta
356 403 562 463 ANsTouas
581 405 901 464 REFORMATORES.

116 575 237 650 urina
267 590 485 662 successore,
520 581 677 674 magistri
711 581 847 651 meritis
875 579 1062 651 invidente
1090 582 1149 654 ni-

48 735 51 738 >
115 705 258 796 mioque
276 699 389 772 ducto
409 726 530 774 amore
552 704 617 774 sui.
665 705 739 777 Neo
764 702 1034 784 mirum,'hunc
1062 729 1151 777 ana·

96 826 327 898 tcmioorum
353 827 565 908 Lornnacu,
589 851 657 898 neo
680 826 845 908 Graeco,
869 851 939 897 nee
964 827 1045 896 aliis
1068 853 1150 922 par-

115 963 280 1032 centem,
296 950 528 1042 plurimorum
552 950 621 1021 sibi
641 952 839 1022 concitasse
858 951 1057 1020 invidiam..
1089 952 1148 1043 Eo

116 1076 235 1144 temen
255 1097 343 1167 opus
362 1084 439 1143 erat
456 1075 552 1154 uiro,
577 1075 815 1155 ethemima,
837 1073 1016 1147 ,armum
1034 1077 1150 1148 nimio

117 1198 275 1267 colentes
306 1195 444 1279 studio,
469 1196 667 1296 Vesalianis
701 1183 858 1273 censuris
888 1221 930 1268 ao
953 1199 1148 1291 praeclaris

114 1321 271 1391 inventis
298 1343 319 1396 a
347 1331 515 1391 veterum*
540 1323 713 1391 servitute
739 1332 927 1392 auctorum
960 1324 1006 1393 ed
1034 1313 1146 1395 unum

115 1444 335 1514 ducerentur
354 1447 503 1514 naturae
520 1431 713 1514 oraculumr
735 1481 737 1484 ·
792 1482 795 1489 ·

122 1624 131 1633 ..
170 1567 305 1638 Alter
318 1569 502 1638 anatomes
530 1567 605 1637 hoo
638 1578 795 1658 tempore
830 1564 1040 1641 reformator
1077 1570 1145 1643 fuir

116 1689 255 1762 Basra.
285 1690 520 1770 aosmcfflcs,
545 1690 609 1786 qui
633 1691 690 1759 uti
710 1690 871 1780 Eaasucs
894 1716 915 1761 a
938 1693 1150 1767 dominante.

118 1813 281 1884 doctrina
298 1839 370 1884 non
390 1814 526 1885 defecit
539 1838 746 1910 semperque
763 1814 1054 1889 Gscauuusunm
1067 1830 1147 1888 'tue-

115 1949 207 2020 tur,
226 1938 272 2008 ab
287 1939 418 2032 inepta
445 1940 714 2038 remensum
742 1926 949 2009 defensione
974 1940 1149 2011 alienissi-

117 2086 215 2149 mus3
249 2087 292 2134 eo
322 2064 543 2133 commode
567 2063 635 2132 hac
667 2063 855 2157 discipline
881 2063 974 2132 benc
1002 2065 1151 2134 meritus

37 2168 40 2175 ¹
120 2198 191 2267 est,
218 2184 318 2279 quod
345 2201 444 2255 more
467 2195 646 2268 veterum,
677 2198 865 2257 anatomeu
891 2185 1044 2258 hominis
1065 2211 1150 2258 cum

120 2320 284 2380 anatome
317 2308 521 2380 animalium
552 2311 786 2404 conjunxerit.
845 2311 1012 2403 Inprimis
1028 2312 1151 2383 laude

120 2433 347 2527 dignissimae
368 2434 446 2526 qjus
472 2433 617 2505 tabulae.
642 2435 725 2504 suut
751 2435 991 2515 'anetomicae
1007 2460 1040 2506 a.
1061 2437 1153 2509 1552

121 2570 305 2638 exaratae,
331 2552 411 2651 post
435 2557 503 2630 150
521 2545 631 2628 annos
650 2559 793 2628 demum
809 2560 848 2627 in
867 2559 986 2627 lucem
1014 2559 1155 2642 editae,

121 2685 272 2777 quarum
286 2681 457 2775 optimam
470 2682 666 2754 editionem
676 2684 819 2755 curavit
833 2663 1036 2754 Amison.
1051 2680 1154 2759 :1744

122 2831 289 2903 quaeque
308 2831 350 2876 eo
361 2807 509 2877 consilio
522 2807 639 2878 iactae
650 2819 750 2887 sunt,
765 2817 811 2876 ut
827 2807 1018 2878 Vesal'iana
1031 2811 1155 2879 lemen·

123 2930 294 3000 darentur
327 2930 459 3024 placita
488 2932 662 3025 simulque
692 2930 834 3025 propria
859 2933 1008 3000 inventa
1037 2931 1159 3001 clueo·

120 3066 213 3127 rent.
256 3112 259 3116 .
297 3054 304 3118 Ξ
455 3029 462 3052 s
567 3084 571 3089 ·
1107 3062 1109 3068 '

53 3261 56 3268 ,
173 3179 307 3251 Ultimo
321 3180 568 3250 memorandus
582 3178 696 3253 Gran.
716 3181 905 3251 circem.
926 3276 930 3284 ι
955 3177 1158 3252 levamen

125 3303 323 3397 discipulus
363 3327 500 3397 neque,
537 3316 586 3373 -ut
628 3314 858 3397 praeceptor,
900 3303 939 3371 in
964 3301 1160 3376 'Getarum

128 3405 290 3507 invehit,
312 3449 382 3496 neo
398 3428 508 3498 nimio
530 3431 647 3522 ipsum
672 3427 807 3498 honore
825 3427 1076 3523 prosequitur,
1104 3433 1162 3500 ve·

126 3572 207 3621 rum
231 3549 390 3621 medium
416 3556 549 3620 tenens
563 3563 663 3622 recte
695 3551 836 3622 scribit:
860 3573 883 3620 >e
899 3549 1030 3642 ingrati
1054 3549 1163 3620 animi

81 3672 85 3679 ⁷
129 3701 223 3758 esse,
240 3688 400 3765 veteres,
412 3677 546 3770 quibus
566 3685 621 3745 tot
640 3676 810 3768 tantaque
827 3673 1018 3755 debemus,
1044 3685 1090 3745 ut
1105 3676 1164 3744 eos‘

129 3811 314 3896 tamquam
328 3812 577 3893 praeceptores
596 3798 767 3884 colamus,
789 3800 866 3870 alto
877 3796 1070 3893 supercilio
1082 3818 1165 3865 eon·

129 3935 312 4011 temnere,
336 3926 423 4023 quia
443 3949 516 3994 non
534 3936 675 3996 cuncta
701 3936 851 4004 norunt,
877 3947 970 4018 quae
990 3922 1164 4015 posterior

130 4045 276 4119 domum
296 4052 433 4125 detexit
451 4052 579 4121 aetas.”
629 4050 698 4120 Hic
714 4049 800 4143 quia
819 4070 959 4139 semper
976 4046 1165 4117 humanum
