2550 5040
353 367 503 432 senone
522 368 870 432 reuertenconuu.
1089 366 1138 432 'lb

145 545 264 640 Ipsius
285 543 436 614 curandi
454 545 630 616 rationem
647 545 745 641 quod
767 546 917 627 attinet,
943 536 1035 614 boec
1055 545 1138 615 uni·

48 686 196 742 verse
220 681 296 740 tuur
313 668 526 751 diaeretica,
552 680 630 740 tum
646 671 915 764 therapeutica.
938 668 1138 739 secundum

59 805 214 866 certas
232 792 494 864 indicationem
509 793 624 886 leges,
643 795 841 890 perscripta
862 804 927 865 cst.
975 791 1139 863 Priorem

52 915 239 1002 plurimi
256 915 355 987 lecit.
403 917 450 987 In
469 916 657 1011 therapeia
683 916 874 992 vomitorio
894 939 969 991 non
993 926 1137 987 tantum

58 1040 316 1120 evacuandi,
341 1038 466 1111 sedin
490 1039 625 1112 morbis
652 1066 798 1139 quoque
825 1041 978 1113 vetustis
1010 1063 1140 1135 corpus
1166 1019 1170 1029 ι

60 1163 276 1237 alterandi
295 1163 446 1235 oonsilio
464 1187 571 1260 saepe
589 1165 852 1238 administravit
875 1189 995 1260 eoque
1021 1164 1140 1236 nomi·

54 1300 150 1361 Ine
184 1291 294 1360 etiarn
331 1299 497 1359 veterum
533 1290 798 1362 commendavit
833 1287 1136 1360 helleborismurn.

44 1406 286 1488 Caeterum
311 1422 349 1482 et
369 1425 531 1486 castoreo
553 1439 659 1511 saepe
679 1437 767 1486 usus
787 1425 901 1486 estet
918 1413 1089 1483 theriaca.
1139 1403 1141 1408 ⁸

148 1537 379 1611 Pneumatica
399 1538 535 1631 pariter
561 1541 726 1612 doctrina
753 1538 953 1610 illustratur
975 1537 1069 1608 libro
1089 1536 1137 1609 de

67 1657 262 1764 Qubus,
293 1661 358 1755 qui
386 1663 481 1734 inter
506 1665 777 1758 Hippocratioos
803 1665 944 1757 spurios
971 1672 1140 1756 receptus

81 1799 164 1858 est.
212 1785 382 1881 »Corpus
401 1784 472 1877 (ita
488 1788 633 1859 disserit
646 1788 730 1858 libri
751 1788 897 1880 auctor)
924 1787 1058 1882 triplici
1073 1810 1144 1856 nu·

79 1914 204 1984 *tritor
226 1909 414 1982 alimento:
441 1911 542 1993 eibo,
564 1924 656 2006 potu
677 1924 714 1983 ct
733 1911 881 2006 spiritu:
907 1912 971 2004 qui
990 1912 1021 1980 si
1043 1911 1141 1981 iutra

98 2027 227 2131 eorpus
244 2034 370 2116 flatus,
397 2035 427 2111 si
446 2048 545 2107 extre
563 2059 692 2131 corpus
710 2045 773 2110 asir
790 2037 936 2107 dicitur.
986 2035 1142 2128 Spiritus

96 2161 158 2232 ille
184 2159 306 2232 omnia
335 2159 462 2252 replet.
512 2162 580 2231 llic
607 2146 747 2231 eoelum
767 2170 808 2231 ct
830 2173 962 2233 terram
990 2159 1142 2254 interja·
1181 2193 1183 2198 ·
1231 2170 1234 2177 “

99 2298 175 2368 oet,
205 2284 276 2354 boc
302 2259 398 2354 astra
426 2298 639 2367 moventur,
672 2285 734 2355 hic
757 2284 850 2377 ignis
870 2285 1043 2380 pabulum
1075 2295 1142 2357 est.

103 2410 197 2504 lgnis
226 2409 323 2479 enim
349 2409 427 2478 sine
460 2410 588 2502 spiritu
618 2409 741 2482 vivere
778 2409 926 2504 nequit:
961 2421 1063 2480 tanta
1087 2421 1144 2481 est

102 2532 305 2629 corporibus
322 2531 487 2625 ejusdem
505 2534 719 2614 necessitas,
744 2543 787 2604 ut
806 2533 883 2604 sine
901 2532 983 2605 cibo
1000 2545 1038 2604 et
1052 2546 1144 2628 potu

102 2650 162 2756 per
181 2660 273 2730 duos
296 2669 360 2728 aut
380 2669 452 2729 tres
479 2659 558 2729 dics
584 2659 707 2730 vivero
730 2656 889 2760 possint,
914 2658 991 2729 sine
1011 2658 1143 2752 spiritu

102 2806 184 2857 sero
201 2793 249 2853 ne
268 2782 396 2876 exigua
413 2781 561 2877 quidem
579 2767 655 2853 diei
673 2792 792 2875 parte,
817 2803 861 2848 ac
877 2780 1038 2876 reliquae
1060 2806 1144 2854 cum

89 2896 360 2988 intermittant,
384 2919 449 2977 aut
467 2907 596 2979 sileant
615 2906 793 2987 actiones,
818 2904 926 2986 haec,
952 2928 1024 3000 qua
1040 2907 1145 3000 spiri·

98 3045 157 3106 tus
186 3032 336 3104 ducitur
366 3043 405 3102 et
438 3032 628 3112 educitur,
664 3030 791 3112 sileat,
823 3040 887 3100 aut
923 3031 1145 3107 intermittat

96 3176 303 3252 numquam.
362 3156 487 3252 Neque
512 3155 583 3228 hoc
614 3154 748 3226 sanitas
779 3152 955 3226 duntaxat
983 3144 1142 3248 regitur,

96 3279 161 3352 sed
189 3279 350 3350 omnium
381 3292 435 3351 est
460 3283 569 3352 etiam
592 3258 797 3351 morborum
830 3302 963 3352 caussa.
1013 3278 1144 3352 Cuncti

92 3405 196 3476 enim
213 3403 289 3475 sive
309 3426 331 3473 a
345 3404 456 3476 nimio
475 3404 619 3499 spiritu,
644 3405 720 3475 sire
737 3428 759 3475 a
776 3404 882 3476 nimis
897 3427 1006 3498 parco
1023 3403 1144 3474 oriun-

95 3541 177 3612 tur,
203 3550 268 3599 seu
289 3528 446 3623 denique
469 3552 490 3598 a
514 3552 643 3623 pravo:
670 3527 757 3599 hinc
784 3551 944 3625 namque,
965 3527 1084 3600 lebres
1104 3516 1165 3603 et

64 3650 395 3748 capiundumst
428 3664 466 3723 et
489 3652 552 3727 ilei
579 3664 618 3723 et
650 3653 804 3728 tormina
831 3664 871 3726 et
898 3651 1077 3751 hydropes
1104 3660 1144 3727 et

91 3775 306 3870 apoplexiae
331 3785 370 3844 et
391 3776 617 3871 epilepsiae.”

74 3890 77 3897 ’
145 3899 325 3993 Expositis
348 3898 524 4005 hactenus
544 3900 855 3994 pneumatieorum
877 3900 1038 3996 placitis,
1068 3897 1144 3975 effi·
1189 3946 1192 3952 .

92 4022 213 4095 citur:
240 4021 464 4123 luisscjpsos
480 4024 610 4098 borum
627 4036 828 4122 temporum
840 4024 1052 4124 pathologos
1067 4048 1147 4100 ner-
