2566 5040
461 361 534 421 ³0.
579 355 808 423 Baowtt.
1103 365 1161 430 24⁷
1233 370 1235 374 ⁴

119 549 186 610 aut
211 538 302 607 male
326 536 499 607 adhibitis
526 560 619 606 mors
646 538 685 607 in
715 537 915 634 propinquo
945 550 1009 610 ast
1057 539 1159 614 Haec

120 674 244 734 autem
270 659 503 732 incitabilitas
520 683 593 729 non
619 661 657 728 in
675 661 745 731 alia
761 673 862 757 parte
887 664 973 745 alia,
1000 664 1063 734 sed
1086 689 1169 739 una.

121 799 177 859 est
202 798 310 880 atquc
337 784 491 855 indivisa
515 795 591 855 toto
616 807 763 878 corpore
793 790 1001 880 proprietas.
1051 787 1168 880 Quod·

120 913 151 983 ei
173 910 356 980 moderata
375 908 423 979 sit
439 908 536 979 ritae
560 909 743 990 incitatio,
770 911 918 988 sanitas,
944 909 974 1000 si
993 913 1160 995 excedat,

121 1047 187 1106 aut
202 1034 360 1114 deficiat,
375 1020 519 1105 morbus
529 1036 652 1105 oritur.
679 1033 743 1104 Est
757 1033 867 1126 igitur
880 1034 1011 1128 duplex
1021 1037 1160 1109 morbo·
1256 1059 1258 1063 ·

120 1182 202 1231 rum
214 1158 456 1228 communium
478 1182 609 1253 genus:
631 1158 783 1230 alterum
806 1159 1016 1230 incitatione
1030 1158 1170 1246 aucta,·
1201 1150 1203 1154 ¹

121 1284 381 1362 athenieorum,
403 1283 668 1354 asthenieorum
685 1285 856 1364 alterurn,
872 1282 1084 1354 incitatione
1095 1285 1160 1356 im-
1178 1338 1180 1342 ι

121 1402 270 1478 minuta.
330 1407 435 1478 Prius
470 1408 629 1477 nascitur
653 1431 675 1477 a
696 1405 867 1501 potentiis
900 1389 1158 1489 (incitantibus,

120 1533 319 1602 alterumn
347 1530 630 1601 debilitantibus.
689 1531 791 1600 Inter
817 1530 1014 1601 excitantes
1043 1531 1158 1624 primo

89 1675 92 1679 ·
118 1656 199 1726 loeo
216 1653 464 1724 memorandus
474 1661 535 1732 cst
551 1655 663 1734 calor,
687 1654 783 1730 inter
799 1653 1029 1726 debilitantes
1046 1653 1159 1749 frigus

120 1791 235 1874 utque
262 1779 394 1871 duplex
424 1790 479 1855 est
503 1802 674 1848 noxarum
696 1801 827 1870 genus:
854 1779 1097 1850 athenicarum
1120 1791 1159 1850 et

120 1903 407 1982 asthenicarum,
430 1902 481 1973 sic
506 1903 638 1997 duplex
663 1902 798 1996 pariter
825 1925 936 1996 genus
964 1915 1021 1974 est
1047 1916 1160 1974 reme·

118 2029 281 2100 diorum:
312 2011 573 2109 athenicorum,
601 2027 676 2097 siva
698 2025 958 2098 stimulantium
979 2038 1016 2098 et
1036 2028 1157 2098 asthe-

116 2155 298 2230 nicorum,
330 2150 405 2219 sive
426 2149 703 2220 debilitantium.
752 2151 1165 2245 Harum’potentiarum‘

113 2276 215 2370 justo
232 2272 471 2374 moderamine
491 2284 566 2343 tota
580 2284 725 2344 constat
747 2297 803 2346 ars
824 2275 1013 2363 sanitatem
1031 2273 1159 2346 tuendi

116 2396 331 2489 morbosque
357 2397 515 2465 sanandi.
565 2397 649 2490 lpsa
678 2409 808 2468 natura
828 2401 982 2470 alternas
1009 2398 1178 2491 praebet
1207 2384 1209 2388 .

117 2519 341 2592 incitationis
387 2521 610 2614 torporisque
648 2520 924 2591 vicissitudines.
985 2522 1161 2593 Diurnam

118 2646 274 2737 cogitate
294 2642 412 2711 lucem
432 2654 471 2712 et
485 2655 679 2712 nocturnas
699 2643 883 2723 tenebras,
909 2642 1042 2738 quibus
1058 2645 1159 2737 quod

116 2769 247 2841 diurna
279 2767 400 2858 vigilia
437 2777 686 2861 consumptum
718 2778 775 2839 est
798 2766 946 2847 virium.
980 2778 1157 2838 nocturno
1190 2772 1192 2787 ⁴

116 2904 368 2987 compensatur
394 2915 528 2962 somno.

167 3018 211 3087 In
230 3016 434 3094 morborum
452 3038 539 3084 vero
559 3016 692 3089 caussis
712 3014 958 3110 ¹dijudicandis¹
971 3015 1023 3087 ad
1046 3016 1156 3090 setam
1243 3050 1246 3055 ¹

117 3139 400 3234 magnitudinem
416 3162 588 3210 noxarum
608 3154 647 3213 et
663 3140 875 3211 auxiliorum
890 3141 1160 3212 adtendendum

117 3276 184 3337 est.
240 3264 370 3356 Itaque
400 3288 422 3334 a
452 3262 594 3335 medico
624 3265 763 3336 artifice
794 3265 886 3336 haec
915 3277 1057 3336 tantum
1088 3264 1159 3334 tria

115 3399 201 3460 sunt
219 3370 477 3482 perquirenda:
503 3390 648 3462 morbus
666 3402 787 3462 utrum
807 3390 966 3487 topicus,
985 3413 1031 3459 an
1051 3411 1159 3481 gene·

115 3513 215 3595 ralis,
242 3511 444 3593 sthenicus‚
467 3537 513 3584 an
528 3515 734 3586 asthenicus
752 3520 792 3585 et
802 3537 874 3609 quo
890 3513 1013 3608 gradu.
1062 3512 1160 3604 Qua-

116 3659 156 3706 re
188 3634 228 3705 in
258 3636 418 3728 diagnosi
448 3638 651 3708 morborum
679 3662 753 3710 non
785 3638 1046 3710 inhaerendum
1079 3636 1159 3707 istis

113 3760 362 3852 nosologorum
391 3762 558 3856 argutiis,
591 3764 655 3834 sed
676 3743 836 3835 adhaec
862 3775 1002 3833 tantum
1029 3744 1158 3831 adten·.

115 3881 276 3952 dandum
304 3896 377 3967 est,
413 3886 545 3980 quibus
575 3888 721 3962 morbus
747 3888 942 3959 communis
975 3909 996 3955 a
1028 3883 1156 3970 locali,

114 4006 301 4078 othenicus
327 4009 374 4080 ab
402 4010 588 4083 asthenico
612 4013 847 4085 discernatur.
894 4013 943 4084 ln
963 4009 1095 4082 morbis
1122 4032 1171 4105 es·
