<?xml version="1.0" encoding="UTF-8"?>
<!DOCTYPE html PUBLIC "-//W3C//DTD XHTML 1.0 Transitional//EN"
    "http://www.w3.org/TR/xhtml1/DTD/xhtml1-transitional.dtd">
<html xmlns="http://www.w3.org/1999/xhtml" xml:lang="en" lang="en">
 <head>
  <title>
</title>
<meta http-equiv="Content-Type" content="text/html;charset=utf-8" />
  <meta name='ocr-system' content='tesseract 3.04.00' />
  <meta name='ocr-capabilities' content='ocr_page ocr_carea ocr_par ocr_line ocrx_word'/>
</head>
<body>
  <div class='ocr_page' id='page_1' title='image "./dehistoriamedic00hoevgoog_0211.png"; bbox 0 0 2566 5040; ppageno 0'>
   <div class='ocr_carea' id='block_1_1' title="bbox 144 368 1030 451">
    <p class='ocr_par' dir='ltr' id='par_1_1' title="bbox 144 368 1030 451">
     <span class='ocr_line' id='line_1_1' title="bbox 144 368 1030 451; baseline -0.006 0"><span class='ocrx_word' id='word_1_1' title='bbox 144 368 212 451; x_wconf 72' lang='lat' dir='ltr'><strong>iss</strong></span> <span class='ocrx_word' id='word_1_2' title='bbox 287 372 817 448; x_wconf 54' lang='lat' dir='ltr'><strong>‘montemmartnonnnom</strong></span> <span class='ocrx_word' id='word_1_3' title='bbox 835 378 1030 448; x_wconf 78' lang='lat' dir='ltr'><strong>moroan.</strong></span> 
     </span>
    </p>
   </div>
   <div class='ocr_carea' id='block_1_2' title="bbox 39 549 1264 3994">
    <p class='ocr_par' dir='ltr' id='par_1_2' title="bbox 39 549 1199 785">
     <span class='ocr_line' id='line_1_2' title="bbox 39 549 1199 660; baseline -0.003 -23"><span class='ocrx_word' id='word_1_4' title='bbox 39 593 41 598; x_wconf 14' lang='grc' dir='ltr'>η</span> <span class='ocrx_word' id='word_1_5' title='bbox 147 549 993 660; x_wconf 46' lang='grc' dir='ltr'><strong>·ετ·ιρρτεερό,·εῑνοᾱςηοιοΜη-ιηιιιιιιἰιοιηῑιιο,γ</strong></span> <span class='ocrx_word' id='word_1_6' title='bbox 1013 565 1081 634; x_wconf 73' lang='lat' dir='ltr'><strong>sm</strong></span> <span class='ocrx_word' id='word_1_7' title='bbox 1105 574 1199 635; x_wconf 71' lang='lat' dir='ltr'><strong>sam.</strong></span> 
     </span>
     <span class='ocr_line' id='line_1_3' title="bbox 148 664 754 785; baseline -0.003 -29"><span class='ocrx_word' id='word_1_8' title='bbox 148 664 269 785; x_wconf 60' lang='lat' dir='ltr'><strong>‘tinam</strong></span> <span class='ocrx_word' id='word_1_9' title='bbox 296 668 754 782; x_wconf 61' lang='lat' dir='ltr'><strong>proirria&#39;sindio&#39;aierunt.</strong></span> 
     </span>
    </p>

    <p class='ocr_par' dir='ltr' id='par_1_3' title="bbox 58 806 1204 1893">
     <span class='ocr_line' id='line_1_4' title="bbox 209 806 1196 904; baseline -0.004 -20.133"><span class='ocrx_word' id='word_1_10' title='bbox 175 813 315 884; x_wconf 86' lang='lat' dir='ltr'><strong>Anno</strong></span> <span class='ocrx_word' id='word_1_11' title='bbox 340 813 449 904; x_wconf 85' lang='lat' dir='ltr'><strong>hujus</strong></span> <span class='ocrx_word' id='word_1_12' title='bbox 476 809 591 877; x_wconf 87' lang='lat' dir='ltr'><strong>seculi</strong></span> <span class='ocrx_word' id='word_1_13' title='bbox 609 806 955 900; x_wconf 70' lang='lat' dir='ltr'><strong>vigesimasecundo</strong></span> <span class='ocrx_word' id='word_1_14' title='bbox 975 832 1059 882; x_wconf 81' lang='lat' dir='ltr'><strong>vasa</strong></span> <span class='ocrx_word' id='word_1_15' title='bbox 1075 812 1196 882; x_wconf 77' lang='lat' dir='ltr'><strong>laotos</strong></span> 
     </span>
     <span class='ocr_line' id='line_1_5' title="bbox 150 930 1197 1027; baseline -0.005 -19"><span class='ocrx_word' id='word_1_16' title='bbox 150 930 297 1008; x_wconf 78' lang='lat' dir='ltr'><strong>&#39;deterlit</strong></span> <span class='ocrx_word' id='word_1_17' title='bbox 316 935 415 1006; x_wconf 68' lang='lat' dir='ltr'><strong>Casa.</strong></span> <span class='ocrx_word' id='word_1_18' title='bbox 434 932 655 1003; x_wconf 78' lang='lat' dir='ltr'><strong>AsELuuset</strong></span> <span class='ocrx_word' id='word_1_19' title='bbox 671 934 818 1026; x_wconf 81' lang='lat' dir='ltr'><strong>quidem</strong></span> <span class='ocrx_word' id='word_1_20' title='bbox 833 933 877 1005; x_wconf 81' lang='lat'><strong>23</strong></span> <span class='ocrx_word' id='word_1_21' title='bbox 900 957 945 1002; x_wconf 78' lang='lat' dir='ltr'><strong>ru.</strong></span> <span class='ocrx_word' id='word_1_22' title='bbox 961 936 1060 1006; x_wconf 79' lang='lat' dir='ltr'><strong>tutti.</strong></span> <span class='ocrx_word' id='word_1_23' title='bbox 1113 936 1197 1027; x_wconf 85' lang='lat' dir='ltr'><strong>lpse</strong></span> 
     </span>
     <span class='ocr_line' id='line_1_6' title="bbox 150 1033 1199 1162; baseline -0.003 -33"><span class='ocrx_word' id='word_1_24' title='bbox 150 1035 378 1162; x_wconf 70' lang='lat' dir='ltr'><strong>‘inventionis</strong></span> <span class='ocrx_word' id='word_1_25' title='bbox 388 1033 572 1126; x_wconf 78' lang='lat' dir='ltr'><strong>historiam</strong></span> <span class='ocrx_word' id='word_1_26' title='bbox 586 1055 698 1126; x_wconf 83' lang='lat' dir='ltr'><strong>refert</strong></span> <span class='ocrx_word' id='word_1_27' title='bbox 706 1057 804 1149; x_wconf 86' lang='lat' dir='ltr'><strong>hisee</strong></span> <span class='ocrx_word' id='word_1_28' title='bbox 817 1057 954 1128; x_wconf 78' lang='lat' dir='ltr'><strong>verbis:</strong></span> <span class='ocrx_word' id='word_1_29' title='bbox 981 1068 1141 1128; x_wconf 64' lang='lat' dir='ltr'><strong>aeonem</strong></span> <span class='ocrx_word' id='word_1_30' title='bbox 1152 1057 1199 1126; x_wconf 86' lang='lat' dir='ltr'><strong>ad</strong></span> 
     </span>
     <span class='ocr_line' id='line_1_7' title="bbox 161 1176 1202 1279; baseline -0.004 -26"><span class='ocrx_word' id='word_1_31' title='bbox 161 1181 361 1254; x_wconf 79' lang='lat' dir='ltr'><strong>diemlulii</strong></span> <span class='ocrx_word' id='word_1_32' title='bbox 373 1176 429 1250; x_wconf 84' lang='lat'><strong>23.</strong></span> <span class='ocrx_word' id='word_1_33' title='bbox 449 1179 611 1272; x_wconf 87' lang='lat' dir='ltr'><strong>ejusdem</strong></span> <span class='ocrx_word' id='word_1_34' title='bbox 626 1180 717 1250; x_wconf 83' lang='lat' dir='ltr'><strong>bene</strong></span> <span class='ocrx_word' id='word_1_35' title='bbox 737 1189 877 1279; x_wconf 81' lang='lat' dir='ltr'><strong>pastum</strong></span> <span class='ocrx_word' id='word_1_36' title='bbox 891 1181 1125 1251; x_wconf 81' lang='lat' dir='ltr'><strong>incidendum</strong></span> <span class='ocrx_word' id='word_1_37' title='bbox 1144 1182 1202 1249; x_wconf 68' lang='lat' dir='ltr'><strong>vi·</strong></span> 
     </span>
     <span class='ocr_line' id='line_1_8' title="bbox 58 1264 1202 1399; baseline -0.001 -26"><span class='ocrx_word' id='word_1_38' title='bbox 58 1342 60 1347; x_wconf 94' lang='lat'><em>·</em></span> <span class='ocrx_word' id='word_1_39' title='bbox 153 1313 493 1399; x_wconf 72' lang='lat' dir='ltr'><strong>¹oum&#39;surupseram‚</strong></span> <span class='ocrx_word' id='word_1_40' title='bbox 520 1264 712 1373; x_wconf 70' lang='lat' dir='ltr'><strong>amiculum</strong></span> <span class='ocrx_word' id='word_1_41' title='bbox 725 1305 949 1397; x_wconf 83' lang='lat' dir='ltr'><strong>quorundam</strong></span> <span class='ocrx_word' id='word_1_42' title='bbox 963 1318 1108 1398; x_wconf 86' lang='lat' dir='ltr'><strong>rogatu,</strong></span> <span class='ocrx_word' id='word_1_43' title='bbox 1120 1304 1202 1398; x_wconf 85' lang='lat' dir='ltr'><strong>qui-</strong></span> 
     </span>
     <span class='ocr_line' id='line_1_9' title="bbox 163 1411 1201 1528; baseline 0 -30"><span class='ocrx_word' id='word_1_44' title='bbox 163 1429 231 1498; x_wconf 89' lang='lat' dir='ltr'><strong>hus</strong></span> <span class='ocrx_word' id='word_1_45' title='bbox 255 1411 479 1497; x_wconf 81' lang='lat' dir='ltr'><strong>recurrentes</strong></span> <span class='ocrx_word' id='word_1_46' title='bbox 504 1448 632 1495; x_wconf 86' lang='lat' dir='ltr'><strong>nervos</strong></span> <span class='ocrx_word' id='word_1_47' title='bbox 651 1450 672 1494; x_wconf 89' lang='lat' dir='ltr'><strong>a</strong></span> <span class='ocrx_word' id='word_1_48' title='bbox 691 1428 871 1501; x_wconf 78' lang='lat' dir='ltr'><strong>Wrtttsto</strong></span> <span class='ocrx_word' id='word_1_49' title='bbox 886 1428 1048 1528; x_wconf 82' lang='lat' dir='ltr'><strong>detectos</strong></span> <span class='ocrx_word' id='word_1_50' title='bbox 1072 1429 1201 1498; x_wconf 82' lang='lat' dir='ltr'><strong>videre</strong></span> 
     </span>
     <span class='ocr_line' id='line_1_10' title="bbox 164 1549 1203 1646; baseline -0.005 -22"><span class='ocrx_word' id='word_1_51' title='bbox 164 1552 262 1624; x_wconf 81' lang='lat' dir='ltr'><strong>forto·</strong></span> <span class='ocrx_word' id='word_1_52' title='bbox 277 1552 470 1646; x_wconf 78' lang='lat' dir='ltr'><strong>placuerat.</strong></span> <span class='ocrx_word' id='word_1_53' title='bbox 491 1551 506 1585; x_wconf 76' lang='grc'><em>”</em></span> <span class='ocrx_word' id='word_1_54' title='bbox 519 1549 571 1620; x_wconf 81' lang='lat' dir='ltr'><strong>Ea&#39;</strong></span> <span class='ocrx_word' id='word_1_55' title='bbox 585 1572 778 1643; x_wconf 81' lang='lat' dir='ltr'><strong>nervorum</strong></span> <span class='ocrx_word' id='word_1_56' title='bbox 797 1552 1102 1622; x_wconf 72' lang='lat' dir='ltr'><strong>demonstratione</strong></span> <span class='ocrx_word' id='word_1_57' title='bbox 1122 1575 1203 1643; x_wconf 85' lang='lat' dir='ltr'><strong>per-</strong></span> 
     </span>
     <span class='ocr_line' id='line_1_11' title="bbox 162 1655 1203 1755; baseline -0.003 -9"><span class='ocrx_word' id='word_1_58' title='bbox 162 1675 310 1746; x_wconf 83' lang='lat' dir='ltr'><strong>functus</strong></span> <span class='ocrx_word' id='word_1_59' title='bbox 323 1696 402 1743; x_wconf 85' lang='lat' dir='ltr'><strong>oum</strong></span> <span class='ocrx_word' id='word_1_60' title='bbox 416 1696 547 1755; x_wconf 84' lang='lat' dir='ltr'><strong>essem,</strong></span> <span class='ocrx_word' id='word_1_61' title='bbox 573 1655 688 1743; x_wconf 81' lang='lat' dir='ltr'><strong>visum</strong></span> <span class='ocrx_word' id='word_1_62' title='bbox 706 1686 761 1743; x_wconf 87' lang='lat' dir='ltr'><strong>ost</strong></span> <span class='ocrx_word' id='word_1_63' title='bbox 775 1675 901 1743; x_wconf 86' lang='lat' dir='ltr'><strong>eodem</strong></span> <span class='ocrx_word' id='word_1_64' title='bbox 917 1677 1056 1745; x_wconf 81' lang='lat' dir='ltr'><strong>incana</strong></span> <span class='ocrx_word' id='word_1_65' title='bbox 1073 1675 1203 1744; x_wconf 82' lang='lat' dir='ltr'><strong>eadem</strong></span> 
     </span>
     <span class='ocr_line' id='line_1_12' title="bbox 165 1783 1204 1893; baseline -0.005 -24"><span class='ocrx_word' id='word_1_66' title='bbox 165 1822 272 1893; x_wconf 86' lang='lat' dir='ltr'><strong>opera</strong></span> <span class='ocrx_word' id='word_1_67' title='bbox 284 1783 561 1892; x_wconf 82' lang='lat' dir='ltr'><strong>diaphragrnatis</strong></span> <span class='ocrx_word' id='word_1_68' title='bbox 575 1821 719 1893; x_wconf 90' lang='lat' dir='ltr'><strong>quoque</strong></span> <span class='ocrx_word' id='word_1_69' title='bbox 737 1810 871 1868; x_wconf 89' lang='lat' dir='ltr'><strong>motum</strong></span> <span class='ocrx_word' id='word_1_70' title='bbox 885 1799 1086 1869; x_wconf 82' lang='lat' dir='ltr'><strong>observare.</strong></span> <span class='ocrx_word' id='word_1_71' title='bbox 1123 1798 1204 1868; x_wconf 83' lang='lat' dir='ltr'><strong>Iloo</strong></span> 
     </span>
    </p>

    <p class='ocr_par' dir='ltr' id='par_1_4' title="bbox 55 1921 1209 2516">
     <span class='ocr_line' id='line_1_13' title="bbox 162 1921 1207 2017; baseline -0.004 -23"><span class='ocrx_word' id='word_1_72' title='bbox 162 1925 249 1994; x_wconf 90' lang='lat' dir='ltr'><strong>dum</strong></span> <span class='ocrx_word' id='word_1_73' title='bbox 271 1944 379 1993; x_wconf 85' lang='lat' dir='ltr'><strong>eonor</strong></span> <span class='ocrx_word' id='word_1_74' title='bbox 401 1933 438 1992; x_wconf 91' lang='lat' dir='ltr'><strong>et</strong></span> <span class='ocrx_word' id='word_1_75' title='bbox 462 1946 539 1993; x_wconf 87' lang='lat' dir='ltr'><strong>earn</strong></span> <span class='ocrx_word' id='word_1_76' title='bbox 560 1924 598 1993; x_wconf 93' lang='lat' dir='ltr'><strong>in</strong></span> <span class='ocrx_word' id='word_1_77' title='bbox 620 1945 696 1992; x_wconf 90' lang='lat' dir='ltr'><strong>rem</strong></span> <span class='ocrx_word' id='word_1_78' title='bbox 722 1921 899 1993; x_wconf 79' lang='lat' dir='ltr'><strong>abdomen</strong></span> <span class='ocrx_word' id='word_1_79' title='bbox 922 1922 1042 2017; x_wconf 88' lang='lat' dir='ltr'><strong>aperio</strong></span> <span class='ocrx_word' id='word_1_80' title='bbox 1063 1922 1207 1991; x_wconf 80' lang='lat' dir='ltr'><strong>intesti-</strong></span> 
     </span>
     <span class='ocr_line' id='line_1_14' title="bbox 154 2046 1206 2141; baseline -0.004 -24"><span class='ocrx_word' id='word_1_81' title='bbox 154 2069 280 2141; x_wconf 87' lang='lat' dir='ltr'><strong>naque</strong></span> <span class='ocrx_word' id='word_1_82' title='bbox 312 2070 391 2116; x_wconf 84' lang='lat' dir='ltr'><strong>oum</strong></span> <span class='ocrx_word' id='word_1_83' title='bbox 418 2048 619 2119; x_wconf 80' lang='lat' dir='ltr'><strong>ventriculo</strong></span> <span class='ocrx_word' id='word_1_84' title='bbox 648 2047 798 2116; x_wconf 83' lang='lat' dir='ltr'><strong>collecta</strong></span> <span class='ocrx_word' id='word_1_85' title='bbox 825 2048 864 2115; x_wconf 91' lang='lat' dir='ltr'><strong>in</strong></span> <span class='ocrx_word' id='word_1_86' title='bbox 896 2071 1006 2117; x_wconf 90' lang='lat' dir='ltr'><strong>unum</strong></span> <span class='ocrx_word' id='word_1_87' title='bbox 1035 2046 1206 2116; x_wconf 83' lang='lat' dir='ltr'><strong>deorsum</strong></span> 
     </span>
     <span class='ocr_line' id='line_1_15' title="bbox 93 2160 1206 2269; baseline 0 -30"><span class='ocrx_word' id='word_1_88' title='bbox 93 2221 96 2225; x_wconf 75' lang='lat'><strong>·</strong></span> <span class='ocrx_word' id='word_1_89' title='bbox 156 2187 272 2240; x_wconf 79' lang='lat' dir='ltr'><strong>&#39;manu</strong></span> <span class='ocrx_word' id='word_1_90' title='bbox 298 2169 462 2263; x_wconf 89' lang='lat' dir='ltr'><strong>impello,</strong></span> <span class='ocrx_word' id='word_1_91' title='bbox 496 2171 666 2263; x_wconf 85' lang='lat' dir='ltr'><strong>plurimos</strong></span> <span class='ocrx_word' id='word_1_92' title='bbox 696 2178 844 2260; x_wconf 86' lang='lat' dir='ltr'><strong>repente</strong></span> <span class='ocrx_word' id='word_1_93' title='bbox 864 2173 1017 2263; x_wconf 76' lang='lat' dir='ltr'><strong>eosque.</strong></span> <span class='ocrx_word' id='word_1_94' title='bbox 1033 2160 1206 2269; x_wconf 70' lang='lat' dir='ltr'><strong>tendissi7</strong></span> 
     </span>
     <span class='ocr_line' id='line_1_16' title="bbox 162 2291 1209 2388; baseline -0.004 -22"><span class='ocrx_word' id='word_1_95' title='bbox 162 2318 239 2366; x_wconf 88' lang='lat' dir='ltr'><strong>mos</strong></span> <span class='ocrx_word' id='word_1_96' title='bbox 260 2293 599 2388; x_wconf 87' lang='lat' dir='ltr'><strong>candidissimosque</strong></span> <span class='ocrx_word' id='word_1_97' title='bbox 622 2316 688 2361; x_wconf 87' lang='lat' dir='ltr'><strong>ceu</strong></span> <span class='ocrx_word' id='word_1_98' title='bbox 714 2291 892 2362; x_wconf 79' lang='lat' dir='ltr'><strong>funiculos</strong></span> <span class='ocrx_word' id='word_1_99' title='bbox 913 2317 978 2385; x_wconf 89' lang='lat' dir='ltr'><strong>per</strong></span> <span class='ocrx_word' id='word_1_100' title='bbox 1001 2315 1107 2362; x_wconf 85' lang='lat' dir='ltr'><strong>omne</strong></span> <span class='ocrx_word' id='word_1_101' title='bbox 1130 2316 1209 2362; x_wconf 87' lang='lat' dir='ltr'><strong>me·</strong></span> 
     </span>
     <span class='ocr_line' id='line_1_17' title="bbox 55 2407 1208 2516; baseline -0.003 -28"><span class='ocrx_word' id='word_1_102' title='bbox 55 2489 57 2495; x_wconf 86' lang='lat'><em>.</em></span> <span class='ocrx_word' id='word_1_103' title='bbox 157 2419 415 2504; x_wconf 82' lang='lat' dir='ltr'><strong>&#39;senteriumet</strong></span> <span class='ocrx_word' id='word_1_104' title='bbox 432 2442 496 2511; x_wconf 85' lang='lat' dir='ltr'><strong>per</strong></span> <span class='ocrx_word' id='word_1_105' title='bbox 515 2418 686 2487; x_wconf 87' lang='lat' dir='ltr'><strong>intestina</strong></span> <span class='ocrx_word' id='word_1_106' title='bbox 706 2415 881 2507; x_wconf 88' lang='lat' dir='ltr'><strong>dispersos</strong></span> <span class='ocrx_word' id='word_1_107' title='bbox 908 2407 1114 2508; x_wconf 85' lang='lat' dir='ltr'><strong>conspicor.¹</strong></span> <span class='ocrx_word' id='word_1_108' title='bbox 1135 2416 1208 2516; x_wconf 85' lang='lat' dir='ltr'><strong>Eos</strong></span> 
     </span>
    </p>

    <p class='ocr_par' dir='ltr' id='par_1_5' title="bbox 132 2523 1207 2636">
     <span class='ocr_line' id='line_1_18' title="bbox 132 2523 1207 2636; baseline -0.004 -24"><span class='ocrx_word' id='word_1_109' title='bbox 132 2542 278 2636; x_wconf 52' lang='lat' dir='ltr'><strong>*primo</strong></span> <span class='ocrx_word' id='word_1_110' title='bbox 308 2553 455 2636; x_wconf 84' lang='lat' dir='ltr'><strong>aspectu</strong></span> <span class='ocrx_word' id='word_1_111' title='bbox 482 2563 611 2610; x_wconf 88' lang='lat' dir='ltr'><strong>nervos</strong></span> <span class='ocrx_word' id='word_1_112' title='bbox 641 2562 718 2608; x_wconf 88' lang='lat' dir='ltr'><strong>esse</strong></span> <span class='ocrx_word' id='word_1_113' title='bbox 747 2552 845 2609; x_wconf 88' lang='lat' dir='ltr'><strong>ratus</strong></span> <span class='ocrx_word' id='word_1_114' title='bbox 881 2564 954 2609; x_wconf 92' lang='lat' dir='ltr'><strong>non</strong></span> <span class='ocrx_word' id='word_1_115' title='bbox 985 2523 1207 2632; x_wconf 78' lang='lat' dir='ltr'><strong>magnopere</strong></span> 
     </span>
    </p>

    <p class='ocr_par' dir='ltr' id='par_1_6' title="bbox 96 2660 1264 3994">
     <span class='ocr_line' id='line_1_19' title="bbox 96 2660 1211 2755; baseline -0.003 -20"><span class='ocrx_word' id='word_1_116' title='bbox 96 2721 99 2726; x_wconf 91' lang='lat'>.</span> <span class='ocrx_word' id='word_1_117' title='bbox 166 2665 316 2735; x_wconf 85' lang='lat' dir='ltr'><strong>miratus</strong></span> <span class='ocrx_word' id='word_1_118' title='bbox 344 2691 433 2736; x_wconf 88' lang='lat' dir='ltr'><strong>sum.</strong></span> <span class='ocrx_word' id='word_1_119' title='bbox 483 2664 553 2735; x_wconf 89' lang='lat' dir='ltr'><strong>Sed</strong></span> <span class='ocrx_word' id='word_1_120' title='bbox 579 2685 660 2731; x_wconf 82' lang='lat' dir='ltr'><strong>mor</strong></span> <span class='ocrx_word' id='word_1_121' title='bbox 685 2660 812 2732; x_wconf 88' lang='lat' dir='ltr'><strong>lalsum</strong></span> <span class='ocrx_word' id='word_1_122' title='bbox 832 2687 895 2733; x_wconf 54' lang='lat' dir='ltr'><strong>&#39;me</strong></span> <span class='ocrx_word' id='word_1_123' title='bbox 922 2664 1093 2755; x_wconf 80' lang='lat' dir='ltr'><strong>cognovi,</strong></span> <span class='ocrx_word' id='word_1_124' title='bbox 1118 2666 1211 2734; x_wconf 90' lang='lat' dir='ltr'><strong>dum</strong></span> 
     </span>
     <span class='ocr_line' id='line_1_20' title="bbox 158 2786 1212 2883; baseline -0.002 -25"><span class='ocrx_word' id='word_1_125' title='bbox 158 2814 311 2870; x_wconf 58' lang='lat' dir='ltr'><strong>‘nervos</strong></span> <span class='ocrx_word' id='word_1_126' title='bbox 334 2791 399 2883; x_wconf 92' lang='lat' dir='ltr'><strong>qui</strong></span> <span class='ocrx_word' id='word_1_127' title='bbox 420 2788 466 2858; x_wconf 87' lang='lat' dir='ltr'><strong>ad</strong></span> <span class='ocrx_word' id='word_1_128' title='bbox 486 2787 658 2857; x_wconf 88' lang='lat' dir='ltr'><strong>intestina</strong></span> <span class='ocrx_word' id='word_1_129' title='bbox 679 2788 880 2880; x_wconf 86' lang='lat' dir='ltr'><strong>pertinent,</strong></span> <span class='ocrx_word' id='word_1_130' title='bbox 900 2787 1092 2856; x_wconf 87' lang='lat' dir='ltr'><strong>distinctos</strong></span> <span class='ocrx_word' id='word_1_131' title='bbox 1114 2810 1137 2855; x_wconf 84' lang='lat' dir='ltr'><strong>a</strong></span> <span class='ocrx_word' id='word_1_132' title='bbox 1155 2786 1212 2856; x_wconf 81' lang='lat' dir='ltr'><strong>lu-</strong></span> 
     </span>
     <span class='ocr_line' id='line_1_21' title="bbox 168 2903 1212 3010; baseline -0.001 -28"><span class='ocrx_word' id='word_1_133' title='bbox 168 2914 298 2982; x_wconf 88' lang='lat' dir='ltr'><strong>nioulis</strong></span> <span class='ocrx_word' id='word_1_134' title='bbox 321 2924 358 2982; x_wconf 84' lang='lat' dir='ltr'><strong>et</strong></span> <span class='ocrx_word' id='word_1_135' title='bbox 375 2914 478 3004; x_wconf 86' lang='lat' dir='ltr'><strong>longe</strong></span> <span class='ocrx_word' id='word_1_136' title='bbox 498 2911 657 3010; x_wconf 78' lang='lat' dir='ltr'><strong>diversos</strong></span> <span class='ocrx_word' id='word_1_137' title='bbox 676 2903 752 2979; x_wconf 83' lang='lat' dir='ltr'><strong>esse</strong></span> <span class='ocrx_word' id='word_1_138' title='bbox 779 2935 821 2980; x_wconf 84' lang='lat' dir='ltr'><strong>ao</strong></span> <span class='ocrx_word' id='word_1_139' title='bbox 842 2934 996 2981; x_wconf 88' lang='lat' dir='ltr'><strong>seorsum</strong></span> <span class='ocrx_word' id='word_1_140' title='bbox 1019 2923 1212 3003; x_wconf 86' lang='lat' dir='ltr'><strong>praeterea</strong></span> 
     </span>
     <span class='ocr_line' id='line_1_22' title="bbox 169 3034 1211 3132; baseline -0.001 -26"><span class='ocrx_word' id='word_1_141' title='bbox 169 3036 255 3106; x_wconf 79' lang='lat' dir='ltr'><strong>ferri</strong></span> <span class='ocrx_word' id='word_1_142' title='bbox 291 3034 560 3132; x_wconf 83' lang='lat' dir='ltr'><strong>animadverti.¹</strong></span> <span class='ocrx_word' id='word_1_143' title='bbox 597 3034 715 3127; x_wconf 83' lang='lat' dir='ltr'><strong>Quare</strong></span> <span class='ocrx_word' id='word_1_144' title='bbox 743 3035 795 3102; x_wconf 90' lang='lat' dir='ltr'><strong>rei</strong></span> <span class='ocrx_word' id='word_1_145' title='bbox 829 3037 991 3104; x_wconf 83' lang='lat' dir='ltr'><strong>novitate</strong></span> <span class='ocrx_word' id='word_1_146' title='bbox 1022 3036 1211 3127; x_wconf 85' lang='lat' dir='ltr'><strong>perculsus</strong></span> 
     </span>
     <span class='ocr_line' id='line_1_23' title="bbox 172 3134 1211 3254; baseline -0.003 -25"><span class='ocrx_word' id='word_1_147' title='bbox 172 3156 272 3229; x_wconf 86' lang='lat' dir='ltr'><strong>haesi</strong></span> <span class='ocrx_word' id='word_1_148' title='bbox 292 3158 512 3254; x_wconf 82' lang='lat' dir='ltr'><strong>aliquamdiu</strong></span> <span class='ocrx_word' id='word_1_149' title='bbox 536 3156 686 3237; x_wconf 80' lang='lat' dir='ltr'><strong>tacitus,</strong></span> <span class='ocrx_word' id='word_1_150' title='bbox 714 3181 794 3226; x_wconf 85' lang='lat' dir='ltr'><strong>eum</strong></span> <span class='ocrx_word' id='word_1_151' title='bbox 812 3134 923 3229; x_wconf 84' lang='lat' dir='ltr'><strong>menti</strong></span> <span class='ocrx_word' id='word_1_152' title='bbox 940 3156 1060 3229; x_wconf 82' lang='lat' dir='ltr'><strong>variae</strong></span> <span class='ocrx_word' id='word_1_153' title='bbox 1084 3181 1211 3228; x_wconf 80' lang='lat' dir='ltr'><strong>oecur-</strong></span> 
     </span>
     <span class='ocr_line' id='line_1_24' title="bbox 164 3281 1213 3375; baseline -0.003 -21"><span class='ocrx_word' id='word_1_154' title='bbox 164 3295 314 3364; x_wconf 71' lang='lat' dir='ltr'><strong>rerent,</strong></span> <span class='ocrx_word' id='word_1_155' title='bbox 342 3307 434 3375; x_wconf 88' lang='lat' dir='ltr'><strong>quae</strong></span> <span class='ocrx_word' id='word_1_156' title='bbox 454 3282 548 3352; x_wconf 87' lang='lat' dir='ltr'><strong>inter</strong></span> <span class='ocrx_word' id='word_1_157' title='bbox 568 3281 785 3350; x_wconf 81' lang='lat' dir='ltr'><strong>anatomicos</strong></span> <span class='ocrx_word' id='word_1_158' title='bbox 809 3295 1011 3352; x_wconf 83' lang='lat' dir='ltr'><strong>versantur:</strong></span> <span class='ocrx_word' id='word_1_159' title='bbox 1041 3282 1088 3350; x_wconf 89' lang='lat' dir='ltr'><strong>de</strong></span> <span class='ocrx_word' id='word_1_160' title='bbox 1108 3284 1213 3352; x_wconf 86' lang='lat' dir='ltr'><strong>venis</strong></span> 
     </span>
     <span class='ocr_line' id='line_1_25' title="bbox 171 3404 1264 3489; baseline 0.004 -13"><span class='ocrx_word' id='word_1_161' title='bbox 171 3404 374 3476; x_wconf 87' lang='lat' dir='ltr'><strong>meseraieis</strong></span> <span class='ocrx_word' id='word_1_162' title='bbox 403 3417 439 3475; x_wconf 88' lang='lat' dir='ltr'><strong>et</strong></span> <span class='ocrx_word' id='word_1_163' title='bbox 457 3428 588 3489; x_wconf 41' lang='lat' dir='ltr'><strong>,eorum</strong></span> <span class='ocrx_word' id='word_1_164' title='bbox 613 3404 730 3488; x_wconf 86' lang='lat' dir='ltr'><strong>offioio</strong></span> <span class='ocrx_word' id='word_1_165' title='bbox 753 3406 1027 3488; x_wconf 78' lang='lat' dir='ltr'><strong>controversiae.</strong></span> <span class='ocrx_word' id='word_1_166' title='bbox 1077 3405 1129 3477; x_wconf 87' lang='lat' dir='ltr'><strong>Ut</strong></span> <span class='ocrx_word' id='word_1_167' title='bbox 1154 3425 1211 3474; x_wconf 81' lang='lat' dir='ltr'><strong>me</strong></span> <span class='ocrx_word' id='word_1_168' title='bbox 1260 3470 1264 3480; x_wconf 89' lang='lat'>.</span> 
     </span>
     <span class='ocr_line' id='line_1_26' title="bbox 167 3526 1214 3624; baseline 0.002 -27"><span class='ocrx_word' id='word_1_169' title='bbox 167 3530 317 3624; x_wconf 65' lang='lat' dir='ltr'><strong>collegi,</strong></span> <span class='ocrx_word' id='word_1_170' title='bbox 353 3528 561 3623; x_wconf 85' lang='lat' dir='ltr'><strong>experiundi</strong></span> <span class='ocrx_word' id='word_1_171' title='bbox 589 3526 695 3597; x_wconf 87' lang='lat' dir='ltr'><strong>causa</strong></span> <span class='ocrx_word' id='word_1_172' title='bbox 726 3529 853 3622; x_wconf 85' lang='lat' dir='ltr'><strong>adacto</strong></span> <span class='ocrx_word' id='word_1_173' title='bbox 891 3529 1096 3600; x_wconf 87' lang='lat' dir='ltr'><strong>acutissimo</strong></span> <span class='ocrx_word' id='word_1_174' title='bbox 1125 3529 1214 3599; x_wconf 83' lang='lat' dir='ltr'><strong>soal·</strong></span> 
     </span>
     <span class='ocr_line' id='line_1_27' title="bbox 163 3640 1211 3756; baseline -0.003 -32"><span class='ocrx_word' id='word_1_175' title='bbox 163 3656 266 3748; x_wconf 77' lang='lat' dir='ltr'><strong>¹pello</strong></span> <span class='ocrx_word' id='word_1_176' title='bbox 281 3675 390 3722; x_wconf 89' lang='lat' dir='ltr'><strong>unum</strong></span> <span class='ocrx_word' id='word_1_177' title='bbox 409 3677 452 3722; x_wconf 80' lang='lat' dir='ltr'><strong>ex</strong></span> <span class='ocrx_word' id='word_1_178' title='bbox 470 3651 541 3720; x_wconf 90' lang='lat' dir='ltr'><strong>illis</strong></span> <span class='ocrx_word' id='word_1_179' title='bbox 559 3663 595 3718; x_wconf 88' lang='lat' dir='ltr'><strong>et</strong></span> <span class='ocrx_word' id='word_1_180' title='bbox 611 3652 779 3744; x_wconf 86' lang='lat' dir='ltr'><strong>majorem</strong></span> <span class='ocrx_word' id='word_1_181' title='bbox 797 3652 996 3756; x_wconf 79' lang='lat' dir='ltr'><strong>funiculum</strong></span> <span class='ocrx_word' id='word_1_182' title='bbox 1017 3640 1211 3747; x_wconf 77' lang='lat' dir='ltr'><strong>peitundo.</strong></span> 
     </span>
     <span class='ocr_line' id='line_1_28' title="bbox 172 3768 1215 3873; baseline 0 -27"><span class='ocrx_word' id='word_1_183' title='bbox 172 3769 246 3846; x_wconf 75' lang='lat' dir='ltr'><strong>vix&#39;</strong></span> <span class='ocrx_word' id='word_1_184' title='bbox 275 3777 367 3846; x_wconf 89' lang='lat' dir='ltr'><strong>bene</strong></span> <span class='ocrx_word' id='word_1_185' title='bbox 400 3768 567 3844; x_wconf 51' lang='lat' dir='ltr'><strong>¹t&#39;erie&#39;ram</strong></span> <span class='ocrx_word' id='word_1_186' title='bbox 592 3786 628 3842; x_wconf 85' lang='lat' dir='ltr'><strong>et</strong></span> <span class='ocrx_word' id='word_1_187' title='bbox 660 3776 846 3846; x_wconf 81' lang='lat' dir='ltr'><strong>confestim</strong></span> <span class='ocrx_word' id='word_1_188' title='bbox 878 3779 1055 3873; x_wconf 89' lang='lat' dir='ltr'><strong>liquorem</strong></span> <span class='ocrx_word' id='word_1_189' title='bbox 1088 3777 1215 3846; x_wconf 87' lang='lat' dir='ltr'><strong>album</strong></span> 
     </span>
     <span class='ocr_line' id='line_1_29' title="bbox 168 3897 1226 3994; baseline 0 -26"><span class='ocrx_word' id='word_1_190' title='bbox 168 3898 278 3969; x_wconf 88' lang='lat' dir='ltr'><strong>lactis</strong></span> <span class='ocrx_word' id='word_1_191' title='bbox 298 3913 360 3970; x_wconf 89' lang='lat' dir='ltr'><strong>aut</strong></span> <span class='ocrx_word' id='word_1_192' title='bbox 382 3897 548 3968; x_wconf 84' lang='lat' dir='ltr'><strong>cremoris</strong></span> <span class='ocrx_word' id='word_1_193' title='bbox 568 3897 679 3965; x_wconf 88' lang='lat' dir='ltr'><strong>instar</strong></span> <span class='ocrx_word' id='word_1_194' title='bbox 703 3900 863 3990; x_wconf 88' lang='lat' dir='ltr'><strong>prosilire</strong></span> <span class='ocrx_word' id='word_1_195' title='bbox 888 3903 1004 3972; x_wconf 88' lang='lat' dir='ltr'><strong>video.</strong></span> <span class='ocrx_word' id='word_1_196' title='bbox 1055 3901 1138 3994; x_wconf 86' lang='lat' dir='ltr'><strong>Quo</strong></span> <span class='ocrx_word' id='word_1_197' title='bbox 1162 3902 1226 3976; x_wconf 64' lang='lat' dir='ltr'><strong>ot,</strong></span> 
     </span>
    </p>
   </div>
   <div class='ocr_carea' id='block_1_3' title="bbox 178 4021 1218 4116">
    <p class='ocr_par' dir='ltr' id='par_1_7' title="bbox 178 4021 1218 4116">
     <span class='ocr_line' id='line_1_30' title="bbox 178 4021 1218 4116; baseline 0.005 -26"><span class='ocrx_word' id='word_1_198' title='bbox 178 4046 216 4091; x_wconf 86' lang='lat' dir='ltr'><strong>so</strong></span> <span class='ocrx_word' id='word_1_199' title='bbox 249 4047 329 4092; x_wconf 89' lang='lat' dir='ltr'><strong>cum</strong></span> <span class='ocrx_word' id='word_1_200' title='bbox 356 4037 478 4094; x_wconf 85' lang='lat' dir='ltr'><strong>tenere</strong></span> <span class='ocrx_word' id='word_1_201' title='bbox 508 4021 683 4091; x_wconf 83' lang='lat' dir='ltr'><strong>laetitiam</strong></span> <span class='ocrx_word' id='word_1_202' title='bbox 715 4046 788 4092; x_wconf 92' lang='lat' dir='ltr'><strong>uon</strong></span> <span class='ocrx_word' id='word_1_203' title='bbox 818 4047 979 4116; x_wconf 89' lang='lat' dir='ltr'><strong>possem,</strong></span> <span class='ocrx_word' id='word_1_204' title='bbox 1022 4047 1218 4095; x_wconf 80' lang='lat' dir='ltr'><strong>conversus</strong></span> 
     </span>
    </p>
   </div>
   <div class='ocr_carea' id='block_1_4' title="bbox 0 0 1320 5040">
    <p class='ocr_par' dir='ltr' id='par_1_8' title="bbox 0 0 1320 5040">
     <span class='ocr_line' id='line_1_31' title="bbox 0 0 1320 5040; baseline 0 0"><span class='ocrx_word' id='word_1_205' title='bbox 0 0 1320 5040; x_wconf 95' lang='lat' dir='ltr'><strong> </strong></span> 
     </span>
    </p>
   </div>
  </div>
 </body>
</html>
