2566 5040
114 355 156 443 io
301 380 584 447 conaremini
602 382 769 457 amics,
789 376 974 450 coarcat,

26 534 27 538 Ἰ
114 539 320 654 pleuritidis
336 561 508 658 gastricae
525 561 703 633 diversam
719 548 846 632 docuit
862 526 1021 630 indolem
1036 565 1082 631 at
1095 575 1144 628 cn-

114 685 302 756 rationem.
1059 680 1062 684 ’

164 808 290 880 lliram
317 811 503 908 proposuit
518 808 687 880 lumbrici
705 809 772 880 lati
797 806 961 902 genesin,
986 827 1096 900 quem
1113 803 1144 874 al

116 931 260 1002 interna
279 933 534 1005 intestinorum
556 935 680 1005 tunica
698 945 903 1028 permutata
921 930 1021 1001 nasci
1038 929 1144 1022 opina

117 1064 260 1127 tuaest.
310 1056 356 1127 In
374 1056 588 1160 explicando
610 1056 848 1152 generationis
858 1056 1011 1149 nogotio
1034 1076 1080 1124 eo
1100 1044 1144 1122 tis

116 1198 189 1273 que
217 1179 416 1273 processit,
446 1188 490 1250 ut
508 1203 552 1250 ex
575 1181 682 1275 pulsu
714 1178 875 1251 futurum
898 1177 1017 1251 lactus
1039 1194 1144 1248 sexut

117 1301 273 1374 divinari
300 1326 403 1397 posse
438 1302 645 1376 crediderit.
701 1304 871 1398 Inprimis
907 1311 994 1376 'aero
1013 1297 1144 1372 'mutu

118 1434 176 1496 est
198 1421 236 1496 in
257 1425 425 1497 remediis
449 1427 718 1509 enumerandis,
743 1451 896 1524 quornm
922 1428 993 1497 alia
1021 1435 1144 1518 compa

118 1551 189 1622 sita
206 1549 376 1632 maxime,
402 1551 473 1621 alia
499 1552 645 1645 inepta,
669 1553 784 1623 multa
810 1575 957 1648 quoque
970 1549 1088 1621 lauda
1111 1548 1144 1618 d:

22 1699 29 1716 ³
119 1693 210 1768 gna.-
249 1673 381 1767 Ingens
400 1671 446 1744 ab
467 1699 510 1745 eo
538 1647 719 1769 profertur
746 1677 1029 1771 emplastrorum.
1042 1682 1083 1743 et
1105 1694 1144 1742 ce

118 1809 293 1882 ratarum,
308 1784 530 1894 quaemagni
549 1798 676 1872 iecisse
694 1800 857 1882 ridetur,
874 1801 988 1894 copia.
1012 1794 1144 1870 Necda

118 1934 203 1994 sunt
225 1925 418 2018 cosmetica
438 1925 579 1996 auxilia.
605 1923 824 2006 Fatendum,
851 1924 890 1993 in
911 1921 1036 1994 multis
1061 1942 1144 1992 cam

119 2049 442 2143 symptomaticam,
463 2049 669 2144 empiricam
683 2048 794 2143 hujus
813 2049 894 2120 aevi
914 2043 1144 2126 rationem,i

40 2187 44 2208 ¹
119 2169 200 2241 aliis
218 2170 457 2243 Orientalium
480 2172 725 2267 phantasiam,
750 2174 850 2245 utin
868 2171 1032 2245 hecticae
1051 2168 1144 2242 leba·

118 2296 278 2366 historia.

170 2417 359 2491 Caeterum
387 2419 540 2506 Aenus,
564 2424 651 2496 licet
677 2421 840 2494 medicus
862 2418 1050 2500 collector,
1086 2416 1144 2488 si*

123 2541 350 2637 compilator,
375 2546 585 2643 plerumque
609 2558 730 2620 tamen
752 2543 896 2640 proprio
916 2542 1060 2638 judicio
1085 2562 1144 2635 pr·

122 2665 274 2761 prioque
294 2691 378 2738 nsua
402 2682 458 2743 est
477 2671 636 2744 arbitrio.
668 2711 675 2727 ι

171 2791 309 2862 Eadem·
327 2789 403 2864 iere
422 2805 541 2866 aetate
566 2795 610 2884 (a.
623 2792 838 2892 560-7570.)
862 2791 987 2862 floruit
1000 2787 1144 2861 Anaxa

96 2940 98 2944 ⁴
124 2932 196 2987 nnn
219 2915 440 2998 Trallianus,
459 2920 523 3014 qui
553 2918 730 2991 Trallibus
754 2929 883 3000 natus,
918 2915 1051 3010 Lydiae
1075 2910 1144 2982 ur]

124 3038 357 3111 celeberrima
380 3042 511 3114 multas
536 3067 739 3140 peragrasse
766 3043 929 3137 regiones
959 3039 1144 3133 Rornaeq÷

124 3174 238 3236 artem
259 3163 386 3236 iecisse
409 3162 534 3240 fertur.
581 3168 722 3241 Nullius
745 3167 872 3262 jurans
895 3167 935 3236 in
957 3164 1069 3236 verba
1092 3183 1144 3232 n!

17 3325 20 3329 ·
125 3288 243 3382 gistri,
276 3288 390 3362 libero
419 3317 507 3364 usus
530 3293 762 3388 estjudicic.
812 3290 872 3363 Ad
903 3299 1016 3361 artem
1046 3287 1144 3359 lact.

8 3473 13 3480 .
123 3424 302 3509 natusque
330 3427 430 3487 recte
462 3419 703 3490 recentiorum
736 3415 955 3491 Graecorum
980 3423 1144 3506 praesta·

124 3535 282 3608 tissimus
312 3538 486 3628 habetur3
511 3541 609 3613 haud
633 3543 812 3613 immerito
835 3539 1056 3610 medicatum
1079 3531 1144 3608 A!

125 3660 261 3731 xandcr
281 3662 402 3735 dictus
421 3669 500 3738 ‘estz
526 3668 612 3738 licet
635 3690 709 3736 non
735 3666 780 3738 ab
800 3664 898 3736 omni
919 3662 1029 3734 luerit
1053 3675 1144 3731 sec·

125 3782 206 3856 labe
227 3787 405 3860 immunis.
701 3780 705 3790 ’

178 3907 347 3980 Tralliani
364 3912 456 3986 liber
475 3916 505 3986 si
522 3939 605 3986 cum
622 3911 793 3986 Amideni
817 3911 1059 3983 voluminibus
1086 3928 1144 3980 cu

130 4028 282 4114 iuratur,
308 4038 400 4108 mole
430 4061 563 4133 parvus
593 4036 792 4111 videbitur:
820 4034 949 4132 quodsi
973 4047 1144 4129 utrumq‘
