2566 5040
166 350 205 426 aa
352 352 543 425 nanrmna'
568 356 860 423 aoaxtnnann·
877 358 1016 425 cunas:

168 529 359 612 admodum
388 552 541 611 testatur
560 540 660 610 locus
691 541 770 633 ejus
801 538 902 612 Hiar.
923 540 1015 611 Nae
1034 514 1212 625 XXXIV}

168 644 225 737 '11ss
259 662 416 758 »Atque
440 665 532 734 haec
550 666 668 743 omnia
683 663 833 745 medici,
857 667 956 760 quod
975 688 1062 758 pace
1079 688 1212 736 eorum

168 791 299 862 'dixisse
320 790 449 870 liceat,
474 791 657 882 ignorant,
681 811 762 881 pars
786 786 900 879 major
918 799 957 858 et
976 790 1138 860 nomina:
1167 791 1212 861 in

168 909 351 1009 tantuma
374 912 604 983 'conficiendis
631 913 901 982 medicamentis
924 912 1070 995 absunt,
1104 918 1210 1010 quod

167 1047 244 1110 esse
277 1039 460 1132 proprium
494 1037 694 1106 medicinae
727 1015 873 1105 solebat.
927 1037 1030 1106 Nune
1060 1042 1212 1132 quoties

166 1163 372 1233 inciderunt
400 1163 439 1231 in
460 1160 617 1242 libellos,
645 1182 857 1254 componere
886 1183 929 1229 er
957 1159 1014 1230 his
1043 1162 1211 1235 volentes

141 1318 144 1323 ·
167 1285 305 1380 aliqua,
331 1283 402 1355 hoc
421 1284 476 1354 est
495 1283 678 1377 impendio
696 1284 906 1353 miserorum
928 1284 1084 1378 experiri
1108 1310 1211 1357 com·

167 1408 364 1490 menlaria,
390 1392 545 1479 credunt
563 1407 751 1501 seplasiae,
777 1408 896 1478 omnia
918 1408 1107 1482 fraudibus
1129 1434 1212 1482 cor.¹

166 1533 360 1626 rumpenti.
410 1531 488 1602 Jam
518 1532 666 1626 quidem
692 1531 787 1603 laeta
819 1532 1008 1626 emplastra
1030 1545 1069 1604 et
1099 1536 1213 1632 collya
1243 1586 1246 1590 ,

164 1657 219 1730 'ria
242 1666 446 1727 mercantur
470 1654 644 1750 tabesque
668 1655 851 1726 mercium.
900 1656 1010 1729 Fraus
1033 1650 1215 1754 seplasiae

163 1783 215 1853 sic
232 1781 438 1852 exteritur.''
1136 1860 1143 1873 ⁸

212 1890 265 1976 Ex
293 1905 364 1974 hoc
391 1916 513 1976 autem
534 1906 613 1976 loeo
638 1916 805 1999 apparet:
828 1903 987 1976 medicos
1004 1905 1212 2000 antiquitus

165 2009 427 2100 medicamenta
447 2031 702 2121 composuisse,
728 2041 854 2124 postca
873 2030 971 2100 hunc
990 2051 1125 2100 rnorem
1148 2048 1212 2102 re·'

165 2154 291 2224 lictum
317 2158 394 2222 esse
416 2151 577 2247 illudque
607 2152 692 2224 inde
714 2153 919 2247 provenisse
942 2154 1049 2236 mali,
1073 2153 1210 2251 utqui

165 2275 427 2346 medicamenta
449 2299 573 2370 parare
594 2276 774 2347 desierant
794 2278 940 2360 medici,
962 2279 1042 2372 'ipsa
1059 2298 1211 2373 quoque

166 2396 378 2494 cognoscere
401 2399 574 2471 desierint
603 2399 731 2494 hisque
762 2400 808 2471 ab
833 2402 878 2470 iis
898 2398 1067 2481 l’raudem
1097 2408 1210 2497 saepe

166 2527 298 2598 laetam
322 2549 416 2606 esse,
440 2527 504 2620 qui
531 2522 660 2595 herbas
686 2535 750 2594 aut
778 2524 973 2615 composita
994 2522 1210 2598 venderent.

166 2650 241 2721 Nec
265 2649 414 2729 mirum,
449 2649 543 2718 hauc
572 2648 682 2719 luisse
708 2646 948 2739 Alexandriae
980 2648 1066 2718 artis
1092 2648 1212 2721 lortu·

165 2795 259 2843 nam.
293 2772 380 2844 Nam
394 2773 434 2842 in
453 2772 612 2865 emporio
629 2783 722 2844 artes
738 2771 904 2842 liberales
922 2782 1090 2865 tauquam
1111 2786 1213 2845 mers

166 2890 226 2970 cca
262 2896 409 2967 tractari
441 2897 589 2990 ipsaque
611 2894 790 2966 medicina
815 2893 1098 2968 circumforanus
1125 2896 1213 2975 fieri

165 3032 203 3093 et
229 3004 363 3090 medici
396 3018 539 3090 tandem
574 3041 651 3089 sese
683 3030 923 3091 mercatorum
947 3019 995 3091 ad
1028 3020 1213 3119 exemplat

166 3164 378 3239 componere
398 3140 523 3212 solent.

449 3387 915 3481 Quaasrronus

200 3634 230 3706 l.
256 3633 443 3728 Quaenam
481 3633 628 3705 luerunt
660 3636 864 3708 Hunorum
899 3648 936 3707 et
965 3636 1214 3716 Eausrsraarr

258 3760 302 3829 de
321 3771 487 3830 anatome
512 3760 665 3831 merita?
1204 3774 1207 3779 '

180 3882 231 3959 11.
258 3883 316 3952 Au
332 3884 377 3954 de
396 3880 474 3954 aliis
491 3883 600 3954 etiam
617 3883 817 3957 medicinae
837 3886 998 3981 partibus
1017 3890 1113 3964 bene
1132 3915 1212 3963 mes

257 4009 435 4078 ruerunt?
