2566 5040
140 792 157 804 -›
185 790 201 800 -·
284 772 339 831 nn
357 775 547 834 unnrcuu
566 777 758 837 veranum
777 778 994 839 uurvaasar

136 1038 146 1069 '·
166 1022 295 1097 Graeci
311 1026 430 1120 pulcri
448 1016 570 1098 studio
587 1028 690 1102 ducti
709 1029 748 1100 in
763 1025 965 1101 medicinae
983 1029 1087 1099 cultu
1110 1027 1162 1099 ite·

116 1149 293 1243 progressi
313 1162 417 1234 eunt,
441 1163 484 1222 nt
503 1153 617 1246 primo
638 1155 719 1224 loco
743 1165 910 1225 naturum
933 1154 1155 1225 observando

117 1271 297 1365 signorum
321 1274 567 1369 quaesiverint
597 1292 740 1348 sensum
757 1285 795 1346 et
814 1277 1165 1370 interpretationem..

116 1397 247 1491 ltaque
264 1398 411 1491 jam-cb
433 1400 556 1484 initio,
582 1402 677 1472 duc'e
699 1412 807 1495 atque
824 1399 1026 1494 interprete
1044 1401 1159 1496 philo·

116 1521 264 1616 sophia,
290 1524 479 1596 coluerunt
505 1525 753 1618 praesagiendi
778 1535 909 1604 artem.
934 1548 1029 1620 quae
1055 1548 1160 1620 prae·

117 1649 225 1741 cipoa
243 1649 440 1743 sapientiae
458 1650 619 1721 medicae
640 1657 732 1744 pars'
744 1660 809 1720 est.
844 1649 905 1721 Sic
922 1650 1062 1719 exstitit
1081 1650 1160 1721 reli-

118 1768 196 1866 gio,
222 1799 285 1844 seu
314 1776 432 1846 cultus
452 1775 614 1852 medicus
634 1794 733 1845 sacer
753 1771 1086 1854 Graecorum,'sed
1104 1794 1162 1844 re-

116 1892 220 1988 ligio,
247 1899 310 1969 sed
330 1900 449 1970 cultus
472 1899 706 1995 philosophus
726 1909 764 1968 et
782 1918 826 1968 ex
845 1918 945 1967 sacra
971 1894 1163 1993 ¹Asclepia-

116 2022 243 2091 darum
270 2034 377 2116 gerite
401 2009 537 2117 prodiit
560 2023 831 2102 unrocum,
852 2021 1077 2091 medicorum
1099 2024 1164 2095 So-

117 2139 266 2228 miras,
291 2149 356 2241 qui
383 2147 597 2217 medicinam
626 2171 646 2216 a
672 2149 774 2218 coelo
794 2145 842 2217 ad
863 2132 1033 2216 tellurem
1054 2147 1164 2218 dero·

117 2270 237 2342 c'a'rit·
283 2270 591 2364 Quemadmodum
619 2270 710 2341 haec
737 2269 808 2342 fuit
834 2270 934 2364 origo
962 2270 1051 2340 artis
1088 2290 1161 2342 me-

7 2469 10 2481 ,
106 2394 230 2466 ‘dendi
250 2395 327 2466 sire
346 2397 546 2466 medicinae
564 2397 763 2489 practicae,
785 2394 931 2489 ingenio
947 2393 1161 2488 philosopho

118 2529 279 2602 creatae,
306 2521 357 2590 sic
378 2520 557 2591 medicina
578 2519 779 2591 theoretica
805 2542 847 2589 ex
865 2516 1158 2613 philosophorum

118 2642 249 2715 scholis
270 2640 423 2738 prodiit,
458 2632 677 2736 inuestigans
703 2642 860 2737 c'orporis
888 2641 1086 2735 principia,
1115 2642 1158 2711 si·

116 2790 163 2859 re
187 2767 382 2852 elementa,
406 2777 545 2840 remota
567 2771 740 2864 primum,
768 2772 844 2836 tuni
860 2765 1041 2859 proxima,
1060 2787 1159 2859 orga-

116 2890 220 2986 nica,
244 2895 384 2965 ratione
412 2896 548 2990 pariter
571 2891 800 2988 philosopha,
826 2890 957 2984 partim
983 2912 1026 2959 ex
1047 2889 1169 2984 philo·

117 3016 244 3111 eophia
276 3030 448 3098 naturae,
473 3016 605 3114 partim
626 3042 669 3089 ex
692 3017 790 3088 ritae
820 2993 1083 3108 corporumque
1107 3013 1169 3105 riq

117 3139 281 3209 rentium
309 3143 576 3234 comparatione
601 3153 640 3212 et
666 3141 832 3234 dogmate
854 3138 900 3208 de
920 3135 1056 3207 finibus
1084 3160 1169 3232 par-

116 3262 208 3334 tium
232 3275 271 3334 et
298 3288 528 3360 organorum:
567 3265 663 3337 Hinc
681 3272 846 3333 nataest
872 3260 1094 3354 physiologia
1122 3269 1169 3331 e!

4 3414 6 3420 ’
116 3387 323 3482 pathologia
351 3385 596 3470 Graecorum.
621 3389 681 3460 cui
707 3386 872 3478 subjecta
894 3395 950 3453 est
977 3396 1169 3464 uncuonre=

116 3535 211 3609 quae
230 3512 473 3608 physiologica
489 3539 634 3610 prorsus
651 3504 690 3583 et
706 3503 934 3605 pathologica
953 3506 1035 3578 luit.
1081 3502 1169 3579 'Hoc

115 3620 222 3708 ruodo
249 3633 397 3739 condita
424 3652 480 3710 est
502 3609 682 3710 medicina
708 3633 926 3708 Graecorum
943 3631 1165 3725 dogmatica,

116 3785 211 3854 quae
233 3734 280 3832 de
305 3758 375 3833 u'su
396 3763 552 3856 partium
579 3762 686 3832 acute
707 3769 745 3831 et
774 3755 955 3829 subtiliter
978 3740 1170 3863 {disputat¹

115 3908 295 3978 quamque
319 3886 475 3980 perfecit
496 3884 681 3969 Gacuuus,
704 3868 986 3976 dogmaticoruni
1004 3874 1168 3954 ¹medico·

114 4033 193 4081 rum
215 4009 392 4106 princeps.
869 3982 874 3991 ¹
