2550 5040
363 116 514 176 nori
561 114 765 174 nourr.
958 72 960 77 ¹
1031 113 1091 176 urs

48 279 198 356 editam.
232 288 465 359 inscribitur:
486 291 529 361 de
552 292 685 361 obditis
703 270 880 359 miultis
897 297 933 359 et
952 291 1088 359 mirar-

53 400 119 474 dis
138 412 337 481 morborum
359 423 394 483 et
412 417 635 484 sanationum
663 413 799 482 caussis
815 411 1005 506 pluresque
1026 411 1092 480 ob·-

53 533 272 603 cessationes
286 535 396 606 hehet
414 548 539 606 notatu
558 538 761 631 perdignae,
787 536 892 626 pu'ro·,'·
916 533 1084 625 simplici,

51 646 209 746 eleganti
237 680 396 728 sermone
425 660 572 741 relatos,
596 658 704 728 nullis
734 657 953 750 interpositis
976 657 1086 739 ratio·

47 771 159 847 ciniis
178 779 403 864 theoreticis,
429 784 468 853 in
487 783 617 878 quibus
635 781 755 875 placet
780 778 947 848 narrandi
974 778 1087 849 artifi-

33 893 151 969 cium
174 923 254 972 cum
273 906 431 997 practica
457 906 648 999 sagacitate
679 894 929 997 conjunctum·
970 901 1085 994 Vulgo

32 1032 202 1104 puurur
233 1027 378 1097 classica
401 1029 439 1098 in
455 1027 560 1098 hisce
583 1026 748 1098 renovari
772 1020 991 1095 observatio:
1016 1026 1084 1092 rui·

23 1156 232 1219 auersere
253 1161 388 1220 tamen:
414 1153 588 1247 siquidem
608 1146 814 1221 nonmorbi
834 1147 1085 1218 describuntur

18 1266 103 1338 ad
117 1280 278 1343 veterum
297 1275 524 1346 classicorum
546 1296 724 1354 normam,
750 1270 813 1342 sed
832 1272 1081 1351 uerticoso,

14 1404 121 1464 nec
144 1396 322 1488 vulgares,
346 1399 408 1468 sed
436 1398 601 1467 mirandi
626 1397 744 1491 iique,
768 1418 811 1465 ex
833 1393 965 1487 quibus
984 1395 1084 1464 abdi·

10 1517 111 1588 'ta‘e
142 1516 337 1611 adposcent
367 1521 570 1591 morborum
602 1519 897 1612 sanctionumque
928 1540 1081 1586 carucae.

15 1631 157 1728 Quod
177 1641 391 1715 observandi
419 1642 577 1715 studium
606 1643 822 1714 suscitarunt
847 1662 941 1710 nova
960 1651 1082 1709 exorta

15 1763 251 1836 morborum
274 1789 419 1860 genera,
444 1765 625 1838 veteribus
650 1764 850 1858 incognita-z
876 1763 983 1841 sudor
1007 1763 1082 1833 An·

21 1883 183 1974 glicns,
217 1889 294 1961 sire
321 1890 510 1984 ephemera
542 1890 723 1961 sudatoria
748 1899 787 1960 et
812 1885 976 1982 syphilis‚
1004 1886 1080 1956 sire

20 2003 126 2081 lues
145 2030 310 2091 venerea.
361 2034 367 2071 ·.
1008 2077 1011 2081 .

100 2134 254 2206 Priorem
270 2138 363 2210 duce
380 2164 422 2211 ac
437 2140 630 2236 interprete
643 2139 732 2210 Coro
743 2137 951 2210 describam.
975 2137 1080 2207 »oua-

33 2251 124 2327 lum
143 2258 213 2330 hue
236 2280 280 2331 ex
307 2262 509 2334 Brittannia
536 2277 654 2335 ortum
675 2265 714 2332 in
735 2262 894 2333 exercitu
924 2263 1078 2331 Henmcr

38 2373 134 2452 vll.
150 2384 310 2454 exercuit
337 2399 475 2459 nostros
505 2413 569 2482 per
595 2387 782 2459 intervalla
808 2384 1018 2482 quinquies:
1046 2407 1077 2452 a.

54 2496 156 2588 1485,
184 2507 293 2590 1506,
321 2511 429 2593 1517,
459 2512 551 2584 1528
574 2523 612 2583 et
637 2513 739 2583 1551.
794 2511 914 2582 Primo
942 2507 1079 2589 insultu

60 2622 128 2698 eliis
140 2632 311 2715 cervices,
337 2639 586 2730 aut-scapulas,
607 2638 684 2707 aliis
696 2659 790 2717 crus,
808 2645 870 2705 eut
888 2631 1075 2701 brachium

10 2806 13 2831 ,
69 2754 244 2846 occupavit.
293 2758 384 2828 Aliis
412 2785 535 2831 sensns
566 2760 797 2832 eratreluti·
814 2757 979 2852 spiritus,
1001 2758 1078 2825 3ei1t

67 2867 151 2944 flatus
168 2877 275 2948 calidi
291 2903 355 2973 per
372 2883 529 2952 membra
549 2892 591 2954 ea
609 2883 852 2954 discurrentis.
893 2881 973 2954 Une
993 2901 1075 2949 curn

54 2992 110 3076 ‚tis
123 2999 258 3071 subitus
280 3014 318 3072 et
338 3005 413 3073 sine
433 3006 632 3076 manifestas
646 3001 752 3077 eausa
772 3007 858 3076 huic
878 3004 1002 3075 morbo
1023 3005 1076 3074 in-

55 3124 156 3194 ·'suctis
187 3126 306 3216 largus
338 3126 445 3196 sudor
474 3133 640 3201 manavit.
700 3131 878 3203 Interiora
911 3127 1075 3198 calebant

10 3256 18 3321 .’
48 3224 176 3347 primo,
200 3260 325 3342 postea
340 3251 541 3337 «ardebant,
569 3256 685 3325 calore
706 3257 783 3348 jam
809 3251 960 3324 inde-ed
983 3251 1075 3321 exti-
1127 3281 1135 3327 ,·

39 3395 117 3449 mas
140 3371 296 3466 eorporis
322 3385 438 3464 partes
461 3376 603 3448 diffuso.
654 3380 739 3448 Sitis
757 3379 899 3472 ingens,
921 3375 1072 3467 jactatio

10 3562 13 3571 ,
36 3496 212 3601 inquieta.
262 3493 347 3577 cor,
373 3497 483 3589 jecur
504 3511 613 3594 atque
632 3502 853 3572 stomachum
869 3503 961 3570 mute
979 3523 1076 3570 mor·

23 3625 105 3696 trus
143 3601 281 3686 habuit.
323 3622 440 3698 ¹Hooe
475 3624 593 3692 omnia
630 3625 840 3695 subsecutus
869 3637 923 3695 est
955 3625 1073 3719 gravis

24 3743 139 3820 dolor
159 3743 304 3835 cepitis,
324 3769 450 3815 vanum
468 3747 666 3842 loquarque
684 3749 869 3830 delirium,
888 3760 1072 3843 postmer·
1136 3756 1139 3760 ’

853 3869 887 3931 10
