2566 5040
490 600 728 628 uuum-¹⁸*-
818 621 822 628 ·

441 800 784 881 concocta

488 970 523 1024 s.
547 960 740 1024 rrae-ma
794 971 797 977 ¹

155 1213 373 1288 Animalium
412 1214 599 1287 historiam
643 1212 738 1285 inter
772 1222 911 1282 veteres
945 1212 1133 1308 scripserat

89 1339 354 1419 Amsroreces,
386 1338 582 1433 zoologiam
614 1350 736 1410 nostra
762 1335 908 1409 demum
939 1349 1058 1442 aetate
1087 1341 1134 1410 ad

91 1465 266 1537 scientiae
293 1461 506 1555 dignitatem
537 1463 657 1534 evexit
679 1462 901 1541 'Conantem
936 1461 1034 1533 illam
1066 1465 1133 1534 sci·

90 1581 180 1660 licet
205 1605 287 1658 cum
317 1596 482 1656 anatome
508 1598 712 1679 comparata
741 1566 993 1679 conjungendo
1023 1598 1134 1682 atque

92 1724 248 1807 systema
265 1709 471 1782 animalium
491 1708 697 1792 condendo,
721 1711 819 1804 quod
840 1713 917 1804 ipsa
937 1711 1139 1783 eorundem·

90 1836 223 1906 nititur
262 1844 443 1906 structura
474 1835 652 1928 organica.
710 1835 770 1905 Sic
792 1834 898 1928 juxte
935 1836 1135 1907 mirabilem

91 1958 191 2031 illam
207 1956 400 2029 formarum
412 1958 640 2040 varietatem,
661 1959 936 2053 quamingeuio
952 1985 1016 2032 suo
1037 1985 1136 2033 com·
1152 1951 1156 1958 ¹

90 2083 217 2178 plexus
234 2082 427 2155 videbatur
438 2081 695 2164 Arusroran,
716 2106 790 2154 non
806 2083 924 2154 minus
935 2086 1133 2158 mirandam

89 2192 257 2306 videmus
281 2208 490 2279 collocatam
515 2207 725 2280 varietatem
750 2202 959 2302 organismiss
977 2212 1059 2281 ‘suis
1078 2224 1135 2283 ta-

91 2353 177 2402 men
190 2331 329 2426 legibus
343 2331 552 2405 adstrictam
565 2343 604 2404 et
612 2332 719 2426 juxta
736 2348 886 2426 regnum
905 2335 1057 2407 animale
1076 2363 1136 2408 ex-

92 2467 254 2538 ternum,
286 2455 491 2556 expositum
504 2456 683 2526 cernimus
699 2478 741 2524 ac
757 2457 936 2527 seclusum
952 2459 1135 2531 internum

93 2577 301 2651 animalium
325 2554 519 2650 discrimem
545 2578 711 2650 simulet
736 2602 884 2661 nexum,
910 2563 1042 2674 ouibus
1066 2606 1137 2652 nu·

92 2704 225 2775 merosi
247 2702 349 2796 regni
374 2703 512 2774 incolae
534 2724 617 2773 cum
642 2701 832 2785 differant,
860 2715 937 2775 tum
963 2703 1138 2781 conveni-⁴

93 2837 169 2899 ant.
218 2828 298 2898 Hoc
315 2839 436 2900 autem
454 2827 572 2924 posito
596 2826 830 2899 fundamento
848 2831 1048 2902 anatomico
1073 2859 1136 2906 ve·
1193 2889 1197 2897 .

91 2973 168 3021 ram
186 2952 325 3026 crearit
339 2953 531 3026 ememus
545 2952 740 3045 zoologiam
757 2955 1034 3046 systematicam,
1060 2982 1135 3031 non

91 3073 317 3147 artificialem
336 3076 451 3159 illam,
476 3076 540 3149 sed
556 3077 615 3149 rel
633 3074 783 3147 maxime
800 3081 1013 3153 naturalem:
1034 3082 1137 3176 quod·

92 3221 167 3268 non
186 3209 231 3272 ut
253 3201 339 3272 artis
363 3200 542 3273 humanae
569 3224 678 3295 opera
704 3202 856 3295 peribit,
893 3204 957 3275 sed
984 3190 1027 3277 ut
1055 3207 1134 3300 ipsa

91 3322 308 3417 perennabit
328 3336 467 3396 natura.
1003 3327 1008 3339 '

152 3446 371 3521 Incredibile
396 3448 499 3520 dictu
528 3459 602 3529 est,
629 3463 850 3545 quantopere
873 3452 935 3523 ‚itti
966 3455 1140 3530 Currum

90 3571 252 3653 labores,
276 3595 367 3670 quos
395 3572 567 3645 scientiae
587 3595 724 3658 amore,
750 3599 824 3646 non
850 3579 905 3649 sui
928 3595 1135 3677 susceperat

91 3700 317 3794 quorumque
343 3696 457 3767 socios
480 3694 610 3775 habuit
629 3700 750 3793 plures
768 3700 933 3795 ejusdem
958 3705 1135 3778 scientiae

92 3832 251 3892 amantes
277 3819 321 3914 (*)
341 3823 566 3916 apologorum
592 3825 728 3896 animos
745 3825 992 3906 incitaverint.

95 3973 374 3992 Μ

133 4059 182 4131 (*)
203 4059 364 4139 »Occupet
388 4062 423 4120 da
448 4065 591 4125 delrichcr
615 4066 761 4126 ausemble
784 4064 910 4126 tereste
934 4069 1038 4150 cbamp
1056 4073 1093 4130 de
1109 4074 1135 4130 lu

602 4298 611 4331 l
