2566 5040
293 386 482 448 sunums
498 384 734 445 HAHNEMANN
750 383 951 447 ORGANON.
1088 375 1144 442 281

112 562 395 656 unumquodque
416 560 643 654 pharmacum
665 533 867 654 incorpore
889 562 1047 632 humano
1067 581 1149 651 pro·

112 691 224 783 priam
246 687 358 757 morbi
377 686 533 778 speciem
549 685 700 768 excitat,
721 707 764 755 eo
778 684 886 778 magis
902 683 1146 768 manifestam,

113 835 189 908 quo
212 809 391 881 efficacius
410 808 650 900 pharmacum.

163 936 292 1028 Itaque
319 942 446 1001 natura
471 930 645 1002 imitanda
654 949 669 1010 ;,
688 954 781 1024 quae
810 931 961 1002 subinde
981 931 1146 1003 morbum
1219 1005 1221 1010 .

114 1055 321 1128 chronicum
351 1077 415 1148 per
447 1055 554 1124 alium
588 1053 860 1125 subvenientem
897 1069 998 1127 sanat
1035 1057 1147 1153 inque

114 1179 237 1250 morbo
266 1175 422 1249 curando
451 1177 693 1248 adhibendum
716 1178 931 1262 remedium,
956 1178 1054 1276 quod
1083 1202 1149 1274 ap·

115 1316 192 1375 tum
213 1303 274 1382 sit,
296 1300 405 1372 alium
417 1301 651 1382 consimilem,
673 1301 893 1374 artificialem
910 1303 1074 1377 morbum
1088 1328 1149 1376 ex·

114 1428 238 1499 citare.
287 1425 448 1496 Etenim:
475 1426 614 1496 struitis
641 1427 825 1498 similibus
839 1439 1025 1501 mascator.
1080 1425 1147 1500 Est
1200 1402 1202 1406 Α

115 1547 387 1641 autemduplex
407 1547 678 1642 pharmacorum
696 1549 808 1620 actio:
832 1552 942 1622 altera
962 1548 1146 1645 primaria,

114 1676 226 1744 altera
242 1671 328 1770 huic
343 1670 504 1764 opposita
518 1670 745 1760 secundaria3
763 1676 923 1769 exemplo
940 1676 987 1747 sit
1005 1673 1145 1768 opium:

114 1797 256 1870 ethaeo
267 1794 415 1889 quidem
430 1793 656 1875 secundaria,
673 1819 715 1866 ea
733 1797 884 1869 subinde
903 1800 973 1872 erit
989 1795 1146 1893 corporis

115 1920 294 2003 conditio,
315 1941 422 2012 quiam
444 1916 617 2011 cupimus.
665 1919 747 2011 Quo
769 1944 918 1992 numero
936 1923 1039 2017 plura
1056 1945 1147 2018 sym·

110 2054 275 2138 ptomata
311 2042 540 2137 pharmacum
574 2041 742 2134 primaria
778 2044 918 2116 actious
950 2055 1148 2139 provocet,¹
1192 2115 1193 2118 ,

114 2190 208 2262 quae
245 2189 326 2236 cum
356 2146 648 2259 symptomatibus
682 2167 796 2238 morbi
834 2170 983 2242 curandi
1014 2193 1148 2244 conve·

114 2294 241 2374 uiant,
277 2315 320 2361 eo
350 2288 495 2385 propius
528 2289 668 2359 accedit
694 2276 837 2362 morbus
869 2293 1065 2366 artificialis
1100 2293 1147 2366 ad

116 2440 218 2497 eum,
243 2416 307 2510 qui
335 2411 469 2483 auferri
498 2412 607 2484 debet
637 2439 752 2509 eoquo
780 2417 911 2488 certior
941 2442 1021 2512 spes
1044 2441 1147 2503 sanas

103 2518 233 2635 tionis.
408 2522 413 2530 ⁸

163 2656 300 2733 Exinde
327 2659 497 2733 efficitur:
532 2660 577 2732 ad
596 2652 689 2733 siras
713 2663 978 2757 therapeuticas
993 2664 1154 2759 alicujus

114 2765 315 2886 medicinae
331 2785 549 2878 detegendas
572 2809 637 2880 pro
657 2787 789 2858 morbis
808 2788 1001 2871 chronicis,
1020 2787 1148 2861 adten-

54 2894 56 2900 ⁵
115 2910 273 2984 dandum
301 2935 378 2982 essa
404 2910 450 2980 ad
475 2910 590 2979 morbi
616 2910 813 2982 artificialis
841 2913 997 3005 speciem
1004 2963 1015 2997 ,
1039 2925 1148 3008 quam

115 3037 155 3107 in
178 3059 325 3130 corpore
344 3034 500 3104 humano
527 3034 683 3106 excitare
700 3035 808 3117 solet,
833 3046 875 3108 ut
903 3037 1047 3132 suppari
1064 3059 1148 3109 con-

117 3160 248 3233 ditioni
274 3158 459 3229 morbosae
487 3157 602 3250 aptari
626 3159 756 3250 possit,
780 3182 889 3254 quam
918 3160 1060 3233 auferre
1085 3160 1169 3261 dc·¹

115 3285 198 3356 bet:
221 3282 409 3378 ,siquidem
440 3281 485 3353 ad
515 3281 657 3352 morbos
688 3282 872 3355 chronicus
900 3283 1076 3355 curandos
1104 3306 1159 3356 ea·
1208 3371 1211 3378 ¹

116 3408 351 3480 medicamina
366 3400 608 3498 conquirenda
624 3418 722 3489 sunt,
747 3430 840 3501 quae
858 3406 897 3476 in
913 3429 1060 3500 corpora
1077 3407 1148 3477 hu·

113 3555 221 3605 mano
243 3527 405 3601 morbum
430 3553 540 3624 quam
564 3529 781 3600 simillimum
813 3531 992 3618 concitare
1021 3530 1148 3602 solent.

163 3655 401 3748 Principium:
436 3653 566 3724 similia
590 3653 766 3723 simihbus
797 3652 914 3722 curari
939 3653 1147 3725 inveniendi

115 3779 419 3872 opportunitatem
450 3777 664 3871 praebuerat
697 3777 897 3848 observatio
925 3777 1081 3847 auctoris
1108 3777 1147 3848 in

115 3906 333 3996 semetipso
360 3901 463 3972 iacta.
521 3903 668 3973 Scilicet
697 3923 808 3997 quum
841 3898 1011 3971 materiae
1035 3899 1146 3970 medi-

115 4050 179 4100 cae
202 4048 342 4121 operam
358 4024 545 4121 plurimam
572 4025 691 4110 daret,
716 4022 1015 4122 quemadmodum
1038 4031 1148 4097 testa·
