2566 5040
299 422 302 428 ·
388 379 538 453 maora
558 385 890 456 naraomcoarnr.
984 366 989 375 ’
1118 385 1198 466 ss.

115 565 258 637 camina
279 566 580 661 praescribebant
628 564 817 640 Caeterum
843 565 992 640 eallidus
1013 568 1158 654 artilex.

114 703 270 761 naturae
286 714 360 760 nou
374 691 549 771 minister,
580 692 643 762 sed
659 693 824 784 magister
839 716 917 764 esse
932 693 1118 786 gestiebat.

182 815 246 888 Uti
279 814 482 906 ignorantia
518 815 803 886 methodioorum
837 827 956 887 sectae
987 817 1160 892 dedecori

114 938 239 1011 fuerat
260 937 476 1021 Tusssmus,
501 939 553 1008 ita
576 939 780 1009 eruditione
801 962 880 1008 eam
898 953 1069 1012 ornarunt
1093 944 1161 1015 So·

114 1077 230 1141 nanus
252 1062 429 1155 Ephesius
448 1074 487 1133 et
507 1058 658 1134 Casum
679 1063 927 1144 Amanum,
953 1065 1056 1136 ouius
1073 1066 1160 1139 libri

115 1185 216 1256 illius
243 1169 392 1276 eperum
417 1185 554 1268 versio,
584 1211 659 1258 non
685 1198 824 1257 tantum
854 1187 1038 1280 graphieas
1060 1215 1157 1262 mor·

114 1307 247 1382 borum
271 1310 550 1403 descriptiones,
573 1317 711 1381 'verum
737 1311 848 1381 etiam
872 1309 1057 1384 historiam
1082 1325 1157 1386 me·¹

113 1434 261 1506 diuinae
279 1434 491 1504 litterariam
510 1436 708 1506 continent.

165 1559 253 1630 Fuit
281 1557 374 1627 haee
402 1581 526 1628 eorum
551 1558 742 1629 methodus
768 1536 1156 1653 prorsus'artifioialisi
1166 1592 1172 1600 ·

115 1681 296 1778 quaedam
315 1682 356 1752 in
381 1680 523 1752 morbos
550 1680 724 1776 tyrannis,
741 1680 805 1774 ad
830 1681 1000 1754 chronica
1026 1685 1156 1779 magisfi

116 1831 229 1902 quam
244 1807 291 1877 ad
306 1818 414 1877 aeota
426 1804 673 1877 valetudinum
692 1822 822 1897 genera
840 1805 994 1889 idonea,
1019 1804 1059 1880 in
1075 1808 1160 1906 qui·

114 1930 185 2001 bus
211 1929 379 2004 curandis
398 1927 608 2024 praesertim
632 1928 842 2000 versabatur
868 1929 1156 2005 methodieorum

115 2054 231 2126 labor.
279 2055 461 2124 Summam
479 2051 673 2122 sanationis
690 2075 789 2145 spem
806 2052 845 2122 iu
865 2065 942 2126 arte
961 2067 1136 2149 ponentes
1142 2108 1156 2142 ,

118 2179 179 2252 vix
198 2178 309 2249 ullam
326 2188 476 2247 naturae
495 2174 669 2247 habentes
688 2173 816 2258 fidem,
840 2176 935 2248 harro
952 2178 990 2248 vi
1008 2201 1155 2275 eogere,

116 2326 262 2374 omnem
278 2302 434 2394 eorporis
453 2293 617 2373 habitum
635 2311 841 2397 pervertere
858 2300 1063 2396 morbisque
1078 2314 1157 2374 arta

118 2448 184 2497 sun
218 2426 392 2518 imperare
432 2425 638 2499 studebant.
698 2427 783 2520 lpse
807 2426 884 2518 jam
915 2426 1053 2497 dixerat
1087 2425 1159 2499 Aa·

116 2543 328 2656 'aaarlauasz
354 2573 428 2620 uon
456 2549 570 2620 solum
597 2573 671 2620 non
694 2548 860 2644 prodesse
883 2561 1065 2632 naturam,
1090 2550 1156 2624 sed

120 2677 230 2755 etiam
244 2697 386 2745 nooere.
435 2674 537 2744 Hane
557 2673 702 2768 quidem
728 2675 943 2744 sententiam
967 2683 1005 2743 et
1019 2672 1066 2754 ii,
1092 2672 1158 2768 qui

120 2822 204 2872 eum
218 2799 335 2880 secuti
357 2807 459 2880 sunt,
483 2799 616 2870 medici
630 2798 780 2870 llomani
797 2786 967 2868 videntur
986 2794 1158 2889 professi,

118 2949 238 3024 nequa
264 2923 370 2993 aliam
388 2921 435 2994 ab
455 2923 551 2994 orbis
576 2933 750 2995 terrarum
774 2918 928 2992 dominis
949 2929 1157 3013 exspectare

119 3050 173 3123 las
193 3060 260 3120 est
570 3142 575 3158 1

74 3221 76 3224 -
116 3233 121 3241 .
159 3172 356 3270 ‘Superluit
380 3167 512 3244 exhao
538 3171 760 3244 anhelatum
788 3166 953 3240 doctriua
974 3164 1051 3237 toni
1077 3157 1158 3259 pars·

120 3301 210 3374 tium
227 3312 266 3371 et
286 3297 447 3380 atoniae,
473 3309 551 3369 tum
579 3295 770 3368 methodus
796 3295 950 3365 alterans
957 3339 970 3374 s
992 3292 1032 3361 in
1050 3288 1158 3362 obro-

116 3426 210 3497 niois
243 3421 455 3518 praesertim
492 3422 686 3494 fructuosa.
746 3421 817 3493 Per
848 3441 927 3490 eam
958 3426 1079 3487 autem
1110 3413 1161 3484 ab

116 3549 317 3625 humorum
328 3546 533 3642 pathologia
548 3547 594 3618 ad
614 3544 854 3641 pathologiam
871 3539 1065 3612 solidorum
1081 3537 1178 3610 fao-¹
1270 3579 1272 3582 ·

121 3686 179 3748 tus
200 3686 257 3746 est
286 3671 479 3752 transitus,
513 3671 608 3743 viam
637 3663 1004 3763 praemonstrantibus
1031 3673 1157 3734 anato-
1220 3699 1222 3704 .

123 3801 297 3872 misorum
318 3795 643 3868 Alexandrinorum
663 3786 846 3875 laboribus
864 3802 902 3861 et
919 3789 1156 3862 Ettasmraart
1186 3872 1188 3877 ¹

122 3922 346 4018 dogmatibus
371 3920 418 3991 de
451 3921 615 4014 eorporis.
635 3916 892 4012 compositione
925 3914 1091 4007 organica
1117 3921 1158 3982 et
1241 3998 1243 4002 Α

129 4048 308 4120 roratione
335 4044 559 4117 morborum:
586 4044 680 4116 eirea
703 4065 796 4139 quae
823 4036 912 4109 illud
937 4035 1157 4111 monendam
