2550 5040
60 104 102 177 Β
308 60 310 65 '
425 109 733 194 QSLBNU&

55 284 283 390 quorundam
313 288 437 386 opinio
476 304 554 376 cst,
593 292 791 373 Grumum,
828 306 912 366 cum
945 286 1018 367 sub
1055 286 1105 369 ii.

55 414 211 488 Aurelio
233 424 272 485 et
289 414 482 487 Commodo
512 418 796 511 Imperatoribus
818 416 965 491 Romam
996 412 1104 489 rixis·

55 549 133 622 set,
158 551 239 633 post
257 541 456 612 Pertinacis
475 564 602 613 necem
624 545 664 613 in
690 542 844 636 patriam
865 563 904 609 se
922 541 1104 634 recepisse

55 662 205 759 ibique,
240 665 338 759 quod
365 666 462 735 vitae
490 667 669 761 reliquum
706 677 803 747 erat,
838 663 878 734 in
905 665 984 736 otio
1006 665 1107 737 litte-
1184 704 1192 709 -

58 789 170 868 rario,
198 788 325 882 procul
356 787 403 858 ab
423 788 504 859 aula
527 793 754 884 strepituque
775 776 1000 883 transegisse.

107 911 272 984 Infausta
289 923 367 982 erat
382 925 470 983 tunc
487 915 657 1008 temporis
671 916 803 986 Romae
816 912 902 983 artis
921 911 1105 986 conditio:
1202 936 1225 959 ¹

57 1058 128 1110 nec
145 1037 263 1107 minus
275 1036 432 1108 infausto
454 1038 615 1109 conditio
634 1037 807 1109 scientiae
825 1035 1000 1107 medicae.
1033 1037 1108 1133 Op·
1193 1074 1215 1093 τ

56 1172 214 1256 portuue
241 1161 353 1255 igitur
381 1162 521 1232 exstitit
541 1160 726 1243 Gaurum,
751 1160 816 1255 qui
836 1171 999 1233 retorem
1026 1162 1107 1235 rin·

58 1284 198 1357 dicaret
221 1284 308 1377 artis
326 1285 540 1381 dignitatem
564 1265 751 1381 ipsamque
780 1283 1001 1359 instauraret
1019 1285 1106 1359 doc·

31 1408 188 1480 trinam
218 1409 405 1481 medicam.
464 1411 548 1504 Ipse
577 1402 840 1482 eruditissimus
871 1409 988 1480 omnis
1013 1410 1107 1481 unti-

58 1533 211 1630 quitatis
239 1535 422 1617 medicus,
455 1535 671 1631 polyhistor,
702 1532 1106 1629 polygraphus,.omuia

58 1656 219 1731 omnium
237 1656 531 1755 philosophorum
551 1661 684 1755 scripta
702 1659 945 1754 perculserat,
971 1659 1105 1754 placita

58 1779 257 1864 didicerat,
293 1783 475 1856 doctrines
505 1786 602 1856 inter
628 1807 665 1854 se
696 1794 982 1878 comparaverat,
1020 1785 1106 1859 iitr-

57 1920 247 1979 locamur
269 1918 307 1977 et
326 1907 600 2002 Hippocraticos
617 1908 875 2002 interpretatus
893 1916 993 1990 erat,
1017 1924 1106 1981 auu·

57 2028 275 2119 'tomicorum
309 2030 459 2104 inventa
490 2034 700 2127 collegerat,
734 2030 972 2102 medicamina
1007 2031 1106 2107 auri

60 2153 206 2248 quitus,
220 2242 223 2257 Ι
239 2167 406 2227 recenter
440 2159 583 2251 cognita
607 2169 775 2238 noverat,
810 2154 993 2248 lapidum,
1026 2153 1107 2233 het·
1215 2155 1221 2173 '

59 2276 203 2359 burum,
218 2279 868 2377 animaliumnaturasperquisiverat,
884 2277 1107 2351 medicorum
1187 2293 1189 2296 ’
1234 2266 1241 2277 ’

59 2402 392 2498 sectas,dogmata,
407 2418 634 2478 controversa
643 2404 950 2502 pervestigarent
959 2414 1104 2475 cuneta.
1238 2419 1244 2432 ’
1264 2415 1272 2426 ‘

108 2529 165 2601 De
191 2528 438 2626 philosophia,
463 2555 504 2603 re
528 2531 722 2610 litteraria,
754 2553 793 2600 re
820 2527 963 2601 medica
991 2526 1108 2601 mult·
1147 2554 1153 2571 ·

59 2650 180 2724 edidit
208 2655 382 2725 librorum
410 2656 593 2726 volumina
621 2654 832 2749 nullumque
864 2653 905 2725 in
934 2652 1108 2725 univerae

60 2776 251 2873 disciplina
276 2779 417 2851 medica
439 2781 559 2852 locum
580 2779 755 2851 intactum
782 2802 925 2874 prorsus
943 2777 1109 2877 reliquit.

61 2901 154 2975 Cum
181 2905 359 2998 stupenda
385 2906 591 2977 eruditione
615 2925 731 2975 raram
756 2904 944 2999 conjunxit
970 2902 1110 2977 discer-
1192 2924 1255 3006 y

60 3026 175 3099 nendi
215 3027 423 3102 facultatem
456 3028 736 3124 disputandique
771 3027 948 3123 peritiam.
1009 3028 1112 3103 Hinc
1196 3046 1265 3136 μ

63 3149 112 3222 ud
138 3151 294 3245 singulas
317 3178 373 3225 res
390 3154 636 3235 dialecticam,
660 3153 928 3249 syllogisticam,
951 3151 1111 3247 logicum
1186 3186 1202 3240 r
1231 3189 1275 3232 ,·

63 3275 233 3349 adhibuit
253 3277 478 3360 methodum,
493 3278 547 3354 ‚ab
564 3280 632 3351 hac
651 3289 753 3375 parte
773 3280 994 3371 Antenorem
1011 3277 1112 3349 simi·
1224 3341 1248 3366 ,

62 3400 122 3482 iis,
138 3414 181 3473 ut
198 3403 273 3484 ille,
290 3403 425 3497 ingenii
439 3405 617 3500 exquisite
628 3403 823 3499 dogmatici
839 3414 876 3474 et
893 3402 1110 3475 methodici.
1189 3412 1247 3518 'U

113 3525 220 3620 Quod
240 3529 487 3602 Hrrrocaares
508 3530 667 3601 coluerat
685 3552 728 3600 ac
744 3528 925 3624 praeclaro
941 3526 1113 3620 exemplo
1202 3568 1267 3660 V

60 3666 324 3726 monstraverat
342 3665 493 3725 naturae
509 3654 685 3736 studium,
706 3654 785 3749 jam
804 3652 851 3723 ab
865 3652 1118 3723 Hismarus
1203 3686 1258 3766 pi

59 3779 218 3872 ,posteris
242 3780 428 3861 relictum,
454 3781 494 3851 in
516 3792 669 3852 naturae
692 3778 823 3881 poesin
850 3774 1110 3874 philOWPhffl·
1190 3790 1248 3945 i*

1184 3966 1200 4289 t
