2566 5040
398 373 889 435 nrrrocntrlct.
1129 368 1169 434 27

118 559 341 644 sequeretur.
389 549 478 623 llcm‘
498 548 652 643 probant
665 571 758 643 quac
772 548 820 620 dc
835 549 1070 643 'generatione
1086 560 1162 621 tra·
1260 533 1264 540 ⁵

121 675 305 777 diderunt.
390 745 394 759 ,
905 677 911 684 ’
1166 702 1175 739 r

133 836 136 841 ·
177 798 309 870 Prodit
336 818 457 867 semen
484 817 529 865 cx
559 795 659 867 omni
694 821 841 891 corpore
882 807 1009 890 estque
1048 794 1162 888 ipsius

117 945 201 1017 pars
222 919 452 995 ,validissima
486 917 593 1009 (hinc
628 922 854 994 imbecillitas
882 930 963 1015 post
1000 922 1172 1015 coitum)
1249 914 1253 921 ’

114 1059 159 1117 et
191 1044 240 1115 ab
271 1042 369 1114 omni
402 1042 559 1136 corporis
591 1057 694 1138 parte
725 1047 772 1117 ad
802 1044 942 1114 lumbos
967 1042 1007 1117 in
1039 1046 1163 1137 spinae

108 1167 314 1239 medullam
345 1178 455 1261 atquc
484 1165 570 1236 inde
604 1191 669 1260 per
695 1192 798 1241 renes
831 1169 877 1239 ad
907 1167 1093 1237 testiculos
1123 1180 1162 1239 et

101 1291 332 1385 pudendum
355 1279 527 1360 defertur.
577 1290 747 1363 Tendunt
774 1290 870 1362 enim
897 1289 943 1359 ad
967 1290 1160 1360 medullam

96 1414 201 1486 *iae
223 1438 265 1483 ex
288 1423 364 1483 toto
386 1435 545 1506 corpore.
561 1450 609 1465 -
635 1416 764 1485 Semen
781 1439 825 1485 ex
843 1411 941 1484 omni
960 1415 1165 1484 secernitur

96 1535 272 1611 lsnmore
300 1539 470 1631 corporis.
519 1537 582 1607 Est
611 1537 649 1607 in
678 1538 761 1611 viro.
789 1548 867 1608 tum
901 1519 1160 1621 masculinum,

96 1671 197 1734 lum
213 1660 442 1732 femininum:
470 1660 635 1731 similiter
656 1685 800 1756 quoque
829 1660 868 1731 in
886 1659 1028 1731 semina.
1077 1662 1161 1731 Mis-

96 1778 223 1857 tietur
241 1795 436 1878 utrumque
454 1786 492 1854 in
512 1796 616 1854 utero
635 1785 806 1879 quodque
822 1786 859 1856 vi
877 1796 1042 1877 superat,
1067 1784 1160 1855 illud

96 1908 322 2006 embryonis
346 1933 467 1979 sexum
483 1909 722 1989 determinat,
744 1920 789 1979 ut
807 1908 935 1979 exinde
961 1909 1037 1979 sire
1064 1931 1158 1977 mas-

96 2031 282 2112 orffinm,
307 2032 383 2102 sive
399 2031 591 2113 lemininus
608 2044 776 2102 nascatur
794 2032 921 2102 loetus.
951 2032 1080 2102 Partus
1094 2057 1161 2129 gc«

96 2156 246 2226 nsllus
262 2135 434 2236 efficitur,
463 2158 493 2226 si
515 2179 636 2226 semen
652 2156 691 2224 in
715 2155 806 2225 duos
829 2155 925 2225 uteri
939 2155 1041 2225 sinus
1056 2178 1160 2226 reoc-

104 2292 222 2374 ptum
239 2279 290 2351 ibi
303 2280 519 2350 retineatur.
545 2277 707 2351 Hominis
729 2278 930 2360 exordium,
955 2261 1061 2348 utero
1076 2302 1158 2348 con·

115 2413 258 2474 tentum
272 2390 287 2482 ,¹
316 2404 434 2472 calore
475 2415 585 2492 πνεῦμα
622 2400 824 2484 contrahit,
859 2400 1099 2508 distenditur.
1119 2411 1160 2472 ct
1269 2422 1270 2426 ’

112 2525 326 2601 membrana
340 2526 543 2598 obducitur.
559 2527 734 2602 vNascitur
747 2524 790 2596 ea
809 2526 1014 2596 membrana
1035 2549 1160 2628 esan·

122 2650 224 2743 tuine
267 2644 474 2733 menstruo,
512 2651 577 2746 qui
609 2673 723 2745 quum
763 2660 848 2719 ante
885 2650 1157 2744 conceptionem
1254 2716 1256 2719 .

120 2769 212 2862 (nim
234 2785 319 2868 post
340 2784 524 2844 menstrua
556 2774 736 2867 inprimis,
768 2785 812 2843 ut
840 2772 933 2842 berto
968 2770 1156 2854 viderunt,

119 2896 307 2991 conceptio
327 2895 383 2987 fit)
403 2909 505 2969 extus
522 2896 704 2992 prodibat}
728 2919 826 2967 nunc
849 2895 1027 2965 retinetur
1045 2907 1155 2990 atque

116 3022 252 3100 circum
288 3020 491 3115 cmbryonis
528 3021 762 3117 primordium
799 3021 1006 3113 coagulatur
1043 3020 1155 3111 inquo

113 3167 260 3219 carnem
290 3123 433 3227 transit,
459 3170 502 3216 ex
526 3147 628 3217 cuius
651 3146 771 3216 medio
800 3156 915 3225 exstat
942 3144 1153 3226 umbilicus,

109 3278 318 3365 perquem
347 3271 498 3363 respirat
530 3295 573 3340 ao
608 3270 769 3341 nutritur
803 3267 959 3361 embryo.
1019 3267 1155 3340 Crescit

107 3393 310 3465 homuncio
335 3393 373 3463 in
401 3403 522 3474 utero,
547 3406 590 3463 ut
617 3396 819 3488 plantarum
846 3392 982 3462 semina
999 3391 1038 3463 in
1070 3416 1153 3484 agro

102 3516 242 3597 fertili,
268 3540 291 3586 a
307 3528 419 3586 matre
438 3507 616 3599 nutritur,
641 3517 681 3587 in
697 3515 865 3596 sasivit,
890 3537 970 3596 oum
988 3537 1033 3584 ea
1058 3515 1155 3586 valet

103 3651 230 3735 utque
259 3639 380 3737 pullus
411 3639 625 3730 gallinaceus
653 3651 759 3733 rupta
788 3628 882 3709 tesia
907 3637 1051 3714 tandem
1080 3637 1154 3715 exit
1243 3694 1255 3706 a

98 3776 294 3844 maturus,
321 3764 372 3835 sic
394 3762 572 3836 humanus
597 3765 757 3858 embryo,
789 3761 853 3832 ubi
872 3759 1062 3853 copiosiori
1078 3761 1185 3849 sibi,
1245 3741 1246 3745 Ἰ

96 3912 204 3983 opus
227 3900 284 3961 est
305 3887 494 3975 alimento,
529 3911 648 3985 neque
681 3887 780 3983 quod
804 3888 842 3957 in
868 3897 974 3954 utero
1003 3869 1152 3986 accipit,

96 4011 269 4095 sufficit.
307 4013 486 4106 agitatur,
521 4012 745 4085 membranas·
782 4012 916 4106 rumpit
952 4031 996 4103 ac
1019 4008 1153 4104 prodit
