2566 5040
306 361 588 422 ,rnrslonocra
607 361 961 428 mammarum&
1108 365 1170 429 270

125 537 313 631 explanare
339 527 461 628 conati
479 549 582 622 surrt,
606 555 688 634 post
716 545 921 626 Heavanau
940 563 983 611 ac
1000 553 1163 616 nostrum

124 683 172 734 na
191 661 350 747 >Galam
376 674 422 734 'et
457 665 656 736 anisam
687 653 862 762 denique,
902 668 1093 741 Harsnroa
1124 679 1164 738 et
1209 664 1212 671 ’

126 788 314 871 Baranam
338 787 446 879 Angli
466 799 514 858 et
536 811 644 882 quem
680 789 779 881 prius
800 790 1015 887 citavimus,
1048 790 1162 863 celeb.

129 912 339 983 Maeniana:
365 921 408 981 ut
428 910 519 981 adeo
536 912 636 983 hisce
656 913 785 984 horum
803 913 1163 986 virorum-laboribus

127 1057 211 1104 cum
233 1057 294 1115 ea,
318 1056 425 1130 quam
445 1058 551 1129 supra
571 1035 799 1129 interpretati
825 1038 1163 1117 sumus,.erolutio·

103 1182 214 1228 =num
238 1158 377 1228 theoria
393 1160 492 1230 necti
515 1158 681 1279 rideatup
707 1163 886 1254 quamque
906 1156 952 1227 ab
968 1158 1037 1228 hac
1059 1174 1162 1253 parte

124 1303 252 1374 magna
272 1279 434 1374 proiecto
452 1281 626 1354 lelicitate
651 1308 768 1378 nuper
796 1282 1027 1356 elaborarunt
1053 1286 1163 1376 peril-¹

123 1405 254 1475 lustres
271 1405 317 1473 in'
329 1403 520 1478 Germania
542 1385 693 1478 naturae
712 1394 934 1478 scrutatores
950 1396 1019 1476 uon
1043 1404 1161 1492 Bran,
1275 1407 1277 1412 ’

122 1531 319 1610 Panaima,
359 1530 552 1610 Rrarmm,
579 1531 744 1613 Hauon),
780 1507 984 1612 Vmerus,
1023 1528 1163 1625 pridem

122 1630 369 1724 elaborarerat
384 1635 522 1726 nostras
543 1654 814 1725 Swauuaanan.
1090 1669 1102 1716 t

171 1761 297 1871 Neque
328 1777 390 1848 hic
426 1777 589 1850 substitit
622 1777 844 1849 eruditorum
872 1777 912 1848 in
938 1776 1161 1872 experiundo

121 1898 319 1972 industria:
345 1925 469 1972 verum
491 1899 536 1970 ad
554 1900 871 1994 pharmaceuticcn
890 1913 927 1972 et
947 1902 1163 1973 medicinam

100 2026 318 2122 ‹practicam
344 2047 489 2119 quoque
521 2023 612 2093 haec
634 2047 699 2117 per
721 2027 964 2118 experimenta
993 2026 1163 2096 medendi
1224 2110 1227 2116 ι

121 2150 311 2220 scientiam
330 2145 571 2242 amplificandi
590 2147 782 2218 methodus
808 2148 973 2218 traducta
992 2161 1057 2218 est.

171 2271 252 2363 Qua
268 2269 415 2364 quidem
433 2269 478 2371 in·
489 2288 533 2378 re'
547 2253 702 2341 eminuit
727 2269 930 2364 anglorum,
946 2270 1159 2354 dexteritas,

120 2394 218 2490 quod
242 2417 314 2464 uno
335 2386 446 2489 idqu'e
471 2386 668 2488 perillustri
685 2394 839 2468 laruam
860 2398 1020 2490 exemplo
1042 2407 1162 2468 osten-

73 2599 76 2605 ,
119 2520 235 2598 ditur,
255 2517 320 2611 qui
340 2517 484 2587 detecta
500 2540 594 2588 nova
611 2511 825 2588 variolarum
842 2518 1067 2612 prophylexi,
1087 2542 1161 2590 om·

118 2664 203 2713 nem
237 2640 360 2711 orbem
395 2617 549 2711 nominis
591 2639 685 2709 lama
719 2635 893 2732 implevit.
960 2640 1160 2723 Videlicet,

117 2776 307 2860 postquam
335 2761 614 2844 inoculationem
644 2784 688 2844 co
704 2764 869 2842 consilio
900 2761 1073 2834 adhibere
1104 2765 1161 2834 di·

112 2887 283 2969 zdioerant
297 2885 444 2969 medici,
456 2887 534 2969 ⁴Ea.
545 2888 685 2971 laruae
701 2908 786 2971 cum
803 2884 1053 2974 observaverat
1070 2888 1161 2982 agri·
1275 2977 1279 2990 ,

117 3011 228 3090 colas,
247 3010 311 3105 qui
323 3030 448 3086 vaccas
464 3010 786 3087 uacnntaacciua
802 3010 1004 3099 laborantes
1015 3013 1157 3107 quique

116 3135 203 3208 inde
219 3136 258 3206 in
274 3111 441 3213 manibus
462 3135 594 3241 similas
614 3134 713 3230 passi
734 3146 836 3217 erant
856 3136 1036 3228 pustulas,
1056 3136 1159 3206 dein·

117 3281 202 3352 ceps
218 3282 242 3335 a
258 3259 482 3338 -rariolarum
507 3238 726 3352 contagione.
748 3247 923 3337 immunes
944 3260 1095 3354 degere,
1123 3282 1157 3330 a.

116 3382 215 3459 2798
232 3383 301 3454 hac
319 3380 367 3455 de
388 3407 428 3454 re
446 3383 577 3455 librum
591 3383 737 3467 edidit,
760 3405 870 3480 quern
891 3385 994 3478 plura
1021 3385 1168 3477 scripta

115 3517 242 3606 secuta
260 3517 361 3588 sunt,
384 3507 431 3578 de
451 3508 486 3578 ri
511 3508 780 3603 prophylaotioa
798 3509 1043 3605 macinarum,
1062 3531 1157 3602 quae

115 3656 199 3703 oum
223 3632 443 3724 experientia
461 3631 593 3704 firmari
620 3631 828 3713 rideretur,
851 3632 988 3703 factum
1014 3610 1093 3710 est,
1114 3640 1157 3698 ut

114 3757 208 3829 baec
228 3756 379 3827 lauram
396 3754 620 3848 prophylaxis
638 3779 704 3848 per
722 3779 862 3827 omnem
885 3755 1008 3826 orbem
1031 3750 1158 3823 cultio·

111 3903 191 3951 rem
204 3880 342 3973 vulgari
356 3880 517 3972 coeperit
534 3881 769 3974 nonnullique
788 3904 887 3971 spem
904 3874 1155 3969 conceperint,

115 4003 210 4090 lora,
226 4017 276 4101 ut
295 4027 360 4100 per
372 4018 452 4075 eam·
469 4004 624 4112 variolae
640 4003 820 4100 profligari
831 4004 980 4099 penitus
994 4008 1154 4093 possent,
