2566 5040
160 375 164 385 ¹
247 343 301 435 nu
319 367 591 431 earsumuuu
611 365 1041 429 uanrcmsurrvuasa.1
1119 366 1158 429 ιι

175 553 427 626 Orientalium,
444 549 585 620 huncce
622 544 757 637 ingenii
791 543 930 614 cultum
956 544 987 612 si
1010 566 1084 613 non
1110 569 1158 616 aa

78 691 96 759 ᾗ
116 679 314 773 opinione,
350 674 413 747 sed
449 698 492 744 ex
522 671 676 743 veritate
704 691 917 767 cognoscere
947 667 1165 760 cupiamus..

116 804 280 875 Litterae
299 802 427 873 Sacrae
446 794 648 873 docebunt,
673 793 713 863 in
728 793 879 887 quibus,
905 803 948 863 ut
967 791 1006 861 in
1031 812 1157 886 specu-

114 928 173 1009 lo,
208 924 301 995 baec
328 923 464 1017 primae
490 918 677 989 bominum
702 918 830 988 aetatis
854 917 972 1008 imago
993 916 1040 986 ad
1061 940 1163 989 eam·

116 1073 201 1145 que-
223 1045 498 1118 adcommodata
523 1041 705 1113 institutio
737 1039 861 1111 divina
889 1040 1059 1110 cernitur.
1107 1042 1162 1114 Iis

119 1186 243 1243 autern
261 1171 451 1250 docemur,
477 1165 619 1236 morbos
639 1188 661 1234 a
679 1165 756 1234 Deo
776 1162 887 1233 fuisse
910 1166 1084 1257 repetitos
1110 1166 1161 1238 ab

120 1319 239 1391 eoque
260 1317 366 1388 opem
386 1292 486 1385 posci
509 1289 669 1368 solitam,
695 1285 734 1357 id
755 1298 830 1358 est:
856 1287 973 1358 Deum
993 1288 1159 1362 habitum

119 1420 233 1490 inisse
257 1429 296 1488 et
320 1415 524 1487 morborum
550 1423 590 1482 et
609 1411 734 1482 salutis
755 1421 958 1491 auctorem,
992 1437 1086 1507 quae
1115 1413 1161 1488 fi.-

120 1544 186 1614 des
211 1541 301 1611 huic
323 1541 429 1633 plane
454 1537 565 1607 aetati
587 1535 790 1630 respondet.
838 1535 1030 1608 Caeterum
1056 1562 1163 1632 prae.

120 1666 229 1760 cipue
264 1660 477 1756 Hygios'oen
511 1662 653 1748 curarit
687 1658 867 1730 medicina
899 1661 1161 1748 Orientaliums

117 1789 220 1886 quod
240 1785 538 1866 numerosissimis
565 1785 695 1856 ritibus
717 1784 922 1855 diaeteticis
944 1785 1075 1860 Codice
1099 1790 1164 1862 saa

122 1940 185 1987 cro
223 1911 455 2009 praescriptis
484 1921 523 1979 et
550 1909 808 2004 AEgyptiorum,
832 1907 943 1979 etiam
983 1912 1162 1988 institutis

122 2065 166 2113 ac
187 2035 346 2108 moribus
369 2033 558 2129 probatur:
583 2042 626 2101 ut
650 2031 760 2124 igitur
781 2032 936 2103 inomni
957 2059 997 2106 re
1020 2040 1164 2121 medica

122 2160 366 2237 Orientalium
386 2159 542 2227 emineat
559 2156 651 2225 ratio
670 2155 864 2226 diaeretica
884 2159 1060 2256 simulque
1082 2189 1163 2258 pro-

120 2284 350 2384 phylactica:
382 2305 456 2375 quo
493 2279 602 2350 etiam
635 2280 791 2363 attinent
827 2282 1074 2376 AEgyptiorum
1106 2312 1164 2359 ca-

122 2414 263 2485 tharses
286 2417 509 2490 menstruae3
534 2405 598 2500 qui
623 2428 666 2474 co
691 2428 805 2498 usquc
824 2422 1093 2499 processerunt,
1119 2396 1162 2484 ut

122 2558 283 2610 caussas.
300 2530 465 2626 physicas
502 2539 712 2599 accusantes
746 2544 971 2601 communem
1004 2535 1163 2627 'plurium

120 2661 331 2734 morborum
365 2679 408 2724 ex
438 2652 530 2725 cibis
559 2662 597 2723 et
628 2651 818 2726 abdomine
849 2655 1021 2749 originem
1055 2683 1165 2755 agno.

122 2794 280 2859 seerent.
410 2815 412 2819 ·

139 2958 145 2977 ι
172 2909 301 2981 Altera
321 2926 403 2998 pars
431 2900 633 2972 medicinae
655 2900 893 2972 Orientalium
915 2901 987 2973 fuit
1013 2906 1165 2979 miracu-

119 3038 217 3115 losa,
252 3040 317 3102 aut
339 3024 491 3120 magica.
547 3022 766 3117 Cujusmodi'
791 3037 869 3095 erat
906 3026 1093 3101 incubatio
1123 3033 1163 3103 in

123 3156 269 3252 templis
290 3155 468 3230 Deorum,
493 3171 601 3244 quarn
623 3172 729 3244 supra
760 3150 916 3222 Dronoru
938 3155 1057 3226 Srcurr
1089 3181 1165 3227 ver·
1217 3136 1220 3141 ⁴

124 3286 181 3358 bis
215 3273 467 3370 descripsimus
504 3296 670 3368 quaeque
708 3274 757 3345 ab
786 3275 960 3371 AEgyptiis
1000 3280 1167 3353 tradudta

124 3409 171 3479 ad
199 3403 377 3481 Graecos,
410 3399 551 3468 illorum
578 3396 706 3489 magis,
738 3423 846 3493 quam
859 3401 1000 3491 'borum
1020 3404 1165 3499 ingenio

40 3562 43 3567 ·
122 3529 360 3621 moribusque
393 3529 569 3614 congrua:
604 3532 647 3591 ut
676 3523 790 3594 omnis
818 3525 998 3597 medicina
1026 3531 1165 3624 magica

121 3680 200 3730 non
220 3651 404 3727 Graecae,
429 3645 494 3717 sed
518 3644 663 3739 originis
680 3646 881 3722 Orientalis
908 3661 974 3722 est.
1065 3678 1072 3689 “
1157 3714 1160 3722 .

177 3781 310 3872 Itaque
333 3769 533 3844 Orientales
555 3769 786 3844 sanciverunt
804 3774 1034 3846 traditionem
1056 3780 1168 3874 empie

125 3907 258 3981 rioam,
288 3896 524 3971 excoluerunt
553 3892 764 3991 Hygiciaco
785 3909 824 3968 et
849 3897 1076 3972 Dtaetotteon
1094 3902 1168 3976 me>

124 4031 269 4111 dicam,
305 4032 471 4094 crearunt
505 4019 719 4092 medicinam
749 3997 955 4119 magicam:
989 4025 1167 4099 theoriam
