2566 5040
186 366 245 430 226
423 362 628 425 cuononis
648 361 849 457 ERNQSTUS
869 364 1007 426 STAHL.

190 544 266 616 rita
293 539 537 635 periclitetur,
561 551 606 610 ut
628 537 687 611 vel
716 509 803 610 huic
829 538 898 634 ipsi
927 540 1091 612 salutaris
1119 540 1227 631 subsit

155 761 157 765 Υ
192 665 238 735 ad
265 686 393 757 corpus
421 664 596 734 tuendum
618 674 656 734 et
677 663 723 734 ab
750 664 901 735 interitu
932 663 1150 740 serrandum
1176 667 1227 748 inq

189 785 300 860 doles.
359 786 476 880 Hujus
506 768 877 881 autem'periodicum
910 810 988 858 esse
1016 787 1111 858 itum
1137 789 1227 860 redi·

191 920 357 1004 tumque,
386 911 494 981 certis
518 910 659 1004 legibus
684 910 924 992 moderatum,
949 910 1227 1006 hujusquemo·¹

192 1034 290 1106 tibus
320 1032 491 1105 vitalibus
522 1033 652 1105 toniois
672 1033 759 1104 cieri
790 1035 1044 1113 evacuationes
1061 1034 1226 1135 criticas,

78 1200 80 1205 ·
191 1144 383 1230 manifesto
401 1156 439 1227 in
462 1157 571 1228 finem
591 1157 783 1229 salutarem
805 1158 1004 1229 tendentes.
1037 1191 1040 1197 ·

240 1284 436 1375 supparem
460 1305 538 1352 esse
561 1283 735 1383 rationem
761 1262 1126 1374 haemorrhagiarum,
1151 1283 1222 1378 qui·

166 1414 169 1419 ’
190 1408 259 1479 bus
274 1428 403 1499 corpus
420 1405 531 1475 nimio
546 1406 717 1498 sanguine
731 1405 921 1483 abundans.
934 1405 1113 1498 depletur,
1158 1407 1228 1501 Nec,

192 1531 335 1611 crebras
366 1530 457 1600 adeo
480 1553 557 1601 esse
590 1529 684 1599 inter
711 1526 874 1599 homines
902 1530 1146 1612 valetudines,
1168 1527 1224 1613 sed

190 1679 364 1754 perquam
381 1678 475 1724 raras
493 1663 660 1746 respectu
680 1651 837 1746 corporis
860 1652 936 1723 sire
957 1652 1140 1726 mixtionis
1157 1677 1223 1735 con„

190 1778 391 1876 ruptibilis,
426 1777 501 1849 sire
531 1787 694 1853 texturae
717 1775 862 1857 tenerae
887 1774 1116 1872 multumque
1143 1801 1221 1850 com·

187 1885 349 2003 positae:
374 1885 463 1998 quin
479 1900 762 1981 reinatishisce
788 1897 1243 1994 naturamsaepenumern

193 2031 305 2102 solam
330 2025 468 2097 mederi
498 2027 575 2096 sine
604 2025 763 2108 artifice,
793 2048 887 2120 quae
914 2025 1172 2111 medicationes
1192 2036 1224 2105 et,

193 2149 456 2246 frequentiores
467 2155 505 2221 et
515 2150 667 2221 tutiores
683 2150 815 2232 forent,
827 2149 898 2230 nisi
906 2172 971 2244 per
982 2149 1225 2244 intemperiem.

191 2270 400 2356 nervorum,
417 2274 492 2344 sive
512 2287 551 2345 nt
570 2275 639 2368 ipsi
652 2274 808 2370 placuit,
826 2275 955 2381 animi,
970 2273 1225 2356 confunderes-2

193 2410 274 2470 tur:
300 2409 338 2468 et
361 2397 421 2470 rel
438 2395 494 2467 his
510 2397 621 2467 etiam
642 2372 892 2474 mobilioribus
910 2399 1025 2491 aegris
1045 2396 1227 2492 temperari

196 2520 467 2593 consuetudinis
484 2521 663 2593 beneficio
683 2523 890 2618 aegrotandi
914 2521 1177 2605 calamitatem,

232 2645 382 2740 ‘Ecquid
402 2645 550 2728 mirum,
576 2646 667 2717 haec
687 2672 771 2718 oum
794 2645 1103 2745 animadvertisset
1124 2648 1228 2725 Sasu-2

158 2782 161 2787 ’
193 2766 292 2853 arm,
309 2783 461 2841 naturae
489 2780 701 2855 veneratum
716 2796 792 2844 esse
820 2771 1078 2863 autocrateiam
1100 2784 1139 2847 et
1163 2745 1223 2865 ¹qrn

193 2895 353 2967 virebatr
372 2906 509 2974 aetate,
545 2895 697 2965 animam
725 2919 863 2967 creasse
892 2896 1050 2988 corporis
1079 2893 1225 2989 organici

190 3019 392 3112 praesidem
414 3027 452 3089 et
472 3019 656 3090 custodem
674 3042 828 3112 cumque
847 3019 1050 3111 agnovisset
1066 3039 1227 3090 summam

192 3139 461 3234 therapeutiees
488 3144 664 3214 naturalis
693 3153 929 3237 potestatem,
963 3141 1008 3212 ab
1028 3167 1073 3214 ea
1095 3143 1228 3214 duxisse

193 3264 374 3336 theoriam
397 3265 574 3338 medicam
601 3291 746 3349 reram,
770 3266 810 3337 id
840 3280 896 3338 est
921 3290 1019 3353 eam,
1051 3291 1147 3361 quae
1174 3265 1229 3338 ob·

196 3389 391 3481 servando,
418 3392 640 3476 cunctando,
666 3391 841 3465 imitando
863 3393 972 3463 docet
991 3391 1231 3472 oeconomiam

197 3511 411 3598 humanam,
447 3528 599 3589 naturae
637 3518 805 3613 energeia
839 3527 1120 3612 propugnatum,
1156 3511 1236 3584 artis

193 3639 381 3733 synergeia
396 3638 545 3734 jurare..

244 3762 324 3835 Aut
347 3762 450 3836 fallor
478 3765 667 3863 equidem,
693 3778 757 3838 aut
780 3764 872 3836 haec
895 3764 1059 3857 legitima⁴
1079 3774 1138 3834 est
1158 3760 1239 3833 doc·

198 3888 317 3961 trinae
346 3889 554 3962 Stahlianae
583 3890 854 3986 interpretatio,
879 3910 973 3986 quae
1002 3911 1085 3958 cum
1106 3886 1243 3967 indicat

199 4014 449 4108 cognationem
459 4046 473 4099 ,·
494 4039 568 4111 qua
595 4038 678 4103 curn
705 4016 784 4088 aliis
806 4001 1102 4110 praecedentium
1129 4007 1244 4084 medi·
