2566 5040
381 364 556 424 utentem
579 365 901 425 nerouutrottm.
1095 363 1157 426 tet?

117 536 571 632 utiturjudicittibe'rtate
589 536 765 634 docetque
786 539 1001 631 aphorismos
1016 539 1151 634 Hippo·

119 663 275 734 eretieos
295 663 699 756 perpennnunmpari
724 663 885 733 oracula:
909 686 1027 756 neque
1053 663 1153 733 euim.
1238 658 1240 663 ’

117 786 280 856 Deorum
304 775 469 874 response
491 810 585 867 erse,
611 810 678 856 neo
699 786 838 856 divinas
859 787 1043 858 continere
1067 811 1166 882 teu-5

117 907 272 988 tentius,
297 929 366 976 neo
384 908 652 1001 legumlatorum
669 910 832 979 decreta.
1142 998 1145 1002 Ι

144 1076 147 1081 ·
176 1028 401 1123 llisoipulum
431 1043 558 1103 nactur
584 1044 639 1103 eet
664 1043 901 1126 praestantem
929 1032 1038 1104 Leon.
1063 1031 1147 1103 loo·

116 1175 230 1234 emur,
254 1152 292 1221 in
308 1176 381 1247 quo
402 1156 553 1246 perluit
573 1167 680 1251 atque
694 1156 733 1224 in
751 1155 928 1226 mento
947 1155 1150 1227 euntem·
1273 1219 1276 1230 .

116 1296 226 1348 'remo
246 1275 435 1370 judicandi
459 1278 625 1360 libertus,
648 1281 854 1373 praesertim
880 1279 1148 1374 pythagoricum

120 1399 242 1471 illudr'
256 1386 410 1495 edrlet'oe
427 1401 617 1494 reprobem
640 1414 678 1474 et
695 1403 993 1496 quemadmodum
1011 1400 1149 1469 Fruitu-

119 1545 196 1595 Ltus
215 1525 253 1593 in
273 1524 418 1618 reliquis
432 1549 574 1596 norem
601 1528 751 1620 protulit
782 1527 963 1621 magisque
991 1524 1151 1618 dynami-

120 1672 205 1718 eam-
227 1647 442 1727 doctrinam,
474 1649 526 1718 eie
554 1650 748 1720 loreturos
768 1669 919 1720 'omnem
946 1645 1153 1718 reformarit

119 1771 375 1866 pyretologiem
393 1770 571 1870 docendo,
595 1774 713 1842 nullas
740 1773 858 1843 febres
876 1773 971 1865 gigni
992 1781 1151 1866 eputre·

95 1875 106 1907 ⁵
120 1893 303 1965 ruentibus
316 1894 539 1975 humoribus,
563 1896 766 1989 nulliusque
784 1918 860 1982 esee
878 1906 1042 1967 veterum
1056 1893 1152 1962 illem

119 2017 275 2089 [ebrium
295 2018 511 2111 inputrides
530 2031 567 2088 et
585 2043 658 2088 non
676 2019 836 2111 putridas
853 2017 1149 2121 destinetionem:

120 2129 228 2236 quem
247 2142 365 2211 thesin
395 2153 517 2212 eontra
538 2143 718 2234 ingentem
741 2143 997 2238 opponentium
1024 2165 1150 2211 nume·

117 2287 197 2335 rum
214 2265 377 2335 defendit
392 2277 544 2338 strenue.
594 2269 639 2338 In
658 2269 734 2338 eliis
758 2291 902 2362 quoque
924 2265 1151 2361 dynamicum

120 2404 160 2458 te
174 2413 252 2459 esse
269 2389 448 2461 medicum
466 2388 682 2489 de'olerarit',
707 2416 772 2484 pus
798 2391 877 2459 fieri
892 2413 1039 2459 monens
1057 2413 1077 2458 e
1094 2412 1152 2457 ce-

119 2511 193 2583 lore
223 2497 379 2583 netureli
410 2514 630 2608 eandemque
665 2515 760 2595 rim,
793 2537 886 2607 quee
919 2512 1004 2581 olim
1039 2535 1150 2582 noros

119 2627 297 2705 muroulos
317 2649 355 2706 et
376 2660 452 2706 osse
471 2647 661 2729 genuerat,
686 2635 781 2705 laese
804 2635 929 2704 eedem
953 2645 1151 2704 restaurare

119 2781 161 2828 ee
178 2781 399 2851 regenerare.

105 2970 108 2974 .
165 2879 330 2975 Denique
360 2881 490 2951 Leone.
519 2882 698 2952 Bouttos
733 2879 914 2955 Gallorum
943 2877 1152 2950 methodum

117 3029 223 3098 perce
245 3004 360 3099 nimis
398 3006 604 3098 sanguinem
639 3007 860 3076 mittentium
895 3001 1024 3099 (petite
1054 3008 1152 3099 raig-

118 3129 247 3218 neurs)
272 3127 568 3216 it'eimmutovit,
593 3128 690 3200 utin
715 3131 809 3199 omni
832 3128 954 3198 morbo
979 3125 1053 3198 lere
1075 3151 1150 3196 om·

118 3251 226 3344 nique
256 3262 374 3320 aetate
400 3263 437 3320 et
466 3255 620 3345 eorporis
645 3254 815 3346 temperie
847 3251 1053 3343 sauguinem
1084 3249 1150 3319 de·

119 3374 210 3442 trahi
218 3373 381 3466 jusserit,
398 3379 505 3443 etiam
517 3378 554 3445 iu
562 3390 662 3471 peste
678 3378 811 3472 quique
823 3400 864 3444 ex
875 3375 943 3444 hoo
954 3374 1075 3443 morbo
1086 3398 1146 3467 pe·
1223 3408 1227 3416 ·

119 3499 235 3576 n'erit,
258 3521 333 3566 nou
352 3499 455 3567 attam
471 3500 627 3592 'periisse
644 3504 697 3571 ob
714 3523 892 3579 caussam,
916 3507 1024 3594 quem
1046 3499 1146 3593 quod

120 3643 188 3693 non
215 3620 300 3691 setis
321 3622 502 3714 sanguinis
518 3623 718 3695 detractum
738 3627 794 3696 sit.
814 3624 979 3692 luterim
1001 3644 1146 3692 mouen-

116 3741 219 3823 dum,
245 3743 290 3813 de
315 3768 427 3814 venae
449 3748 607 3818 sectione
631 3749 823 3842 tradidisse
843 3757 1033 3840 praecepta
1053 3747 1148 3820 salut
1233 3837 1235 3839 .

108 3860 277 3946 ‘herrime
326 3869 399 3938 Nec
424 3870 551 3939 mirum
582 3872 871 3956 tumu11,multos
898 3883 1042 3942 neotum
1068 3893 1145 3939 esse

114 3992 335 4064 adversarios
380 3993 590 4097 Bormum,
631 4021 671 4065 eu
712 4019 862 4091 quorum
890 4019 1039 4067 numero
1075 3993 1145 4066 luit
