<?xml version="1.0" encoding="UTF-8"?>
<!DOCTYPE html PUBLIC "-//W3C//DTD XHTML 1.0 Transitional//EN"
    "http://www.w3.org/TR/xhtml1/DTD/xhtml1-transitional.dtd">
<html xmlns="http://www.w3.org/1999/xhtml" xml:lang="en" lang="en">
 <head>
  <title>
</title>
<meta http-equiv="Content-Type" content="text/html;charset=utf-8" />
  <meta name='ocr-system' content='tesseract 3.04.00' />
  <meta name='ocr-capabilities' content='ocr_page ocr_carea ocr_par ocr_line ocrx_word'/>
</head>
<body>
  <div class='ocr_page' id='page_1' title='image "./dehistoriamedic00hoevgoog_0296.png"; bbox 0 0 2566 5040; ppageno 0'>
   <div class='ocr_carea' id='block_1_1' title="bbox 337 373 1151 450">
    <p class='ocr_par' dir='ltr' id='par_1_1' title="bbox 337 373 1151 450">
     <span class='ocr_line' id='line_1_1' title="bbox 337 373 1151 450; baseline -0.014 0"><span class='ocrx_word' id='word_1_1' title='bbox 337 384 914 450; x_wconf 71' lang='lat' dir='ltr'><strong>onestt&#39;ottttttttuacattrtcuu.</strong></span> <span class='ocrx_word' id='word_1_2' title='bbox 1093 373 1151 439; x_wconf 76' lang='lat'><strong>28³</strong></span> 
     </span>
    </p>
   </div>
   <div class='ocr_carea' id='block_1_2' title="bbox 59 554 1244 4124">
    <p class='ocr_par' dir='ltr' id='par_1_2' title="bbox 59 554 1236 3381">
     <span class='ocr_line' id='line_1_2' title="bbox 114 554 1148 662; baseline -0.008 -26"><span class='ocrx_word' id='word_1_3' title='bbox 114 576 232 662; x_wconf 86' lang='lat' dir='ltr'><strong>partes</strong></span> <span class='ocrx_word' id='word_1_4' title='bbox 253 575 466 655; x_wconf 72' lang='lat' dir='ltr'><strong>occupante,</strong></span> <span class='ocrx_word' id='word_1_5' title='bbox 484 563 650 632; x_wconf 81' lang='lat' dir='ltr'><strong>vincitur.</strong></span> <span class='ocrx_word' id='word_1_6' title='bbox 699 559 785 632; x_wconf 87' lang='lat' dir='ltr'><strong>Rem</strong></span> <span class='ocrx_word' id='word_1_7' title='bbox 804 560 913 630; x_wconf 91' lang='lat' dir='ltr'><strong>docet</strong></span> <span class='ocrx_word' id='word_1_8' title='bbox 925 554 1148 635; x_wconf 78' lang='lat' dir='ltr'><strong>observatio,</strong></span> 
     </span>
     <span class='ocr_line' id='line_1_3' title="bbox 114 681 1147 778; baseline -0.011 -19"><span class='ocrx_word' id='word_1_9' title='bbox 114 700 245 759; x_wconf 88' lang='lat' dir='ltr'><strong>natura</strong></span> <span class='ocrx_word' id='word_1_10' title='bbox 256 686 395 756; x_wconf 79' lang='lat' dir='ltr'><strong>morbos</strong></span> <span class='ocrx_word' id='word_1_11' title='bbox 409 707 511 777; x_wconf 89' lang='lat' dir='ltr'><strong>pares</strong></span> <span class='ocrx_word' id='word_1_12' title='bbox 525 683 668 778; x_wconf 87' lang='lat' dir='ltr'><strong>paribus</strong></span> <span class='ocrx_word' id='word_1_13' title='bbox 681 684 776 765; x_wconf 91' lang='lat' dir='ltr'><strong>tolli,</strong></span> <span class='ocrx_word' id='word_1_14' title='bbox 794 683 988 777; x_wconf 90' lang='lat' dir='ltr'><strong>praecipue</strong></span> <span class='ocrx_word' id='word_1_15' title='bbox 1000 681 1147 750; x_wconf 86' lang='lat' dir='ltr'><strong>inmor-</strong></span> 
     </span>
     <span class='ocr_line' id='line_1_4' title="bbox 115 806 1150 899; baseline -0.01 -18"><span class='ocrx_word' id='word_1_16' title='bbox 115 812 170 882; x_wconf 91' lang='lat' dir='ltr'><strong>bis</strong></span> <span class='ocrx_word' id='word_1_17' title='bbox 186 807 415 899; x_wconf 76' lang='lat' dir='ltr'><strong>contagiosis,</strong></span> <span class='ocrx_word' id='word_1_18' title='bbox 437 806 741 877; x_wconf 82' lang='lat' dir='ltr'><strong>exanthematiois.</strong></span> <span class='ocrx_word' id='word_1_19' title='bbox 791 806 892 898; x_wconf 85' lang='lat' dir='ltr'><strong>Quae</strong></span> <span class='ocrx_word' id='word_1_20' title='bbox 911 817 1029 875; x_wconf 87' lang='lat' dir='ltr'><strong>tamen</strong></span> <span class='ocrx_word' id='word_1_21' title='bbox 1046 826 1150 873; x_wconf 86' lang='lat' dir='ltr'><strong>sana·</strong></span> 
     </span>
     <span class='ocr_line' id='line_1_5' title="bbox 115 931 1148 1024; baseline -0.007 -20"><span class='ocrx_word' id='word_1_22' title='bbox 115 935 232 1005; x_wconf 89' lang='lat' dir='ltr'><strong>tiones</strong></span> <span class='ocrx_word' id='word_1_23' title='bbox 252 931 580 1024; x_wconf 86' lang='lat' dir='ltr'><strong>homoiopathicae‚</strong></span> <span class='ocrx_word' id='word_1_24' title='bbox 604 931 802 1016; x_wconf 80' lang='lat' dir='ltr'><strong>naturales,</strong></span> <span class='ocrx_word' id='word_1_25' title='bbox 831 941 1018 1022; x_wconf 83' lang='lat' dir='ltr'><strong>eapropter</strong></span> <span class='ocrx_word' id='word_1_26' title='bbox 1046 949 1148 997; x_wconf 87' lang='lat' dir='ltr'><strong>rarae</strong></span> 
     </span>
     <span class='ocr_line' id='line_1_6' title="bbox 115 1050 1151 1148; baseline -0.005 -23"><span class='ocrx_word' id='word_1_27' title='bbox 115 1067 224 1138; x_wconf 86' lang='lat' dir='ltr'><strong>sunt,</strong></span> <span class='ocrx_word' id='word_1_28' title='bbox 258 1055 343 1148; x_wconf 87' lang='lat' dir='ltr'><strong>quia</strong></span> <span class='ocrx_word' id='word_1_29' title='bbox 369 1064 519 1123; x_wconf 89' lang='lat' dir='ltr'><strong>naturae</strong></span> <span class='ocrx_word' id='word_1_30' title='bbox 552 1052 683 1123; x_wconf 87' lang='lat' dir='ltr'><strong>desunt</strong></span> <span class='ocrx_word' id='word_1_31' title='bbox 714 1075 986 1146; x_wconf 85' lang='lat' dir='ltr'><strong>saepenumero,</strong></span> <span class='ocrx_word' id='word_1_32' title='bbox 1017 1050 1151 1145; x_wconf 88' lang='lat' dir='ltr'><strong>quibus</strong></span> 
     </span>
     <span class='ocr_line' id='line_1_7' title="bbox 115 1175 1151 1270; baseline -0.005 -21"><span class='ocrx_word' id='word_1_33' title='bbox 115 1180 215 1250; x_wconf 89' lang='lat' dir='ltr'><strong>hunc</strong></span> <span class='ocrx_word' id='word_1_34' title='bbox 226 1179 264 1247; x_wconf 91' lang='lat' dir='ltr'><strong>iu</strong></span> <span class='ocrx_word' id='word_1_35' title='bbox 276 1177 383 1248; x_wconf 89' lang='lat' dir='ltr'><strong>finem</strong></span> <span class='ocrx_word' id='word_1_36' title='bbox 401 1177 457 1247; x_wconf 90' lang='lat' dir='ltr'><strong>uti</strong></span> <span class='ocrx_word' id='word_1_37' title='bbox 475 1179 601 1269; x_wconf 89' lang='lat' dir='ltr'><strong>possit,</strong></span> <span class='ocrx_word' id='word_1_38' title='bbox 613 1178 728 1248; x_wconf 88' lang='lat' dir='ltr'><strong>morbi</strong></span> <span class='ocrx_word' id='word_1_39' title='bbox 741 1175 1033 1270; x_wconf 88' lang='lat' dir='ltr'><strong>homoiopathici.</strong></span> <span class='ocrx_word' id='word_1_40' title='bbox 1080 1176 1151 1247; x_wconf 90' lang='lat' dir='ltr'><strong>Na·</strong></span> 
     </span>
     <span class='ocr_line' id='line_1_8' title="bbox 115 1299 1150 1395; baseline -0.005 -21"><span class='ocrx_word' id='word_1_41' title='bbox 115 1316 233 1375; x_wconf 86' lang='lat' dir='ltr'><strong>turam</strong></span> <span class='ocrx_word' id='word_1_42' title='bbox 274 1300 343 1370; x_wconf 90' lang='lat' dir='ltr'><strong>hoc</strong></span> <span class='ocrx_word' id='word_1_43' title='bbox 383 1312 551 1395; x_wconf 87' lang='lat' dir='ltr'><strong>respectu</strong></span> <span class='ocrx_word' id='word_1_44' title='bbox 591 1313 737 1395; x_wconf 88' lang='lat' dir='ltr'><strong>superat</strong></span> <span class='ocrx_word' id='word_1_45' title='bbox 772 1326 850 1382; x_wconf 87' lang='lat' dir='ltr'><strong>ars,</strong></span> <span class='ocrx_word' id='word_1_46' title='bbox 888 1299 948 1371; x_wconf 87' lang='lat' dir='ltr'><strong>eui</strong></span> <span class='ocrx_word' id='word_1_47' title='bbox 988 1300 1150 1391; x_wconf 79' lang='lat' dir='ltr'><strong>ingentes</strong></span> 
     </span>
     <span class='ocr_line' id='line_1_9' title="bbox 115 1422 1150 1520; baseline -0.007 -22"><span class='ocrx_word' id='word_1_48' title='bbox 115 1436 313 1520; x_wconf 86' lang='lat' dir='ltr'><strong>suppetunt</strong></span> <span class='ocrx_word' id='word_1_49' title='bbox 336 1426 460 1519; x_wconf 87' lang='lat' dir='ltr'><strong>copiae</strong></span> <span class='ocrx_word' id='word_1_50' title='bbox 487 1423 744 1496; x_wconf 88' lang='lat' dir='ltr'><strong>medicinamm</strong></span> <span class='ocrx_word' id='word_1_51' title='bbox 770 1422 1150 1516; x_wconf 87' lang='lat' dir='ltr'><strong>homoiopathicarum.</strong></span> 
     </span>
     <span class='ocr_line' id='line_1_10' title="bbox 115 1548 1150 1642; baseline -0.005 -22"><span class='ocrx_word' id='word_1_52' title='bbox 115 1551 219 1620; x_wconf 89' lang='lat' dir='ltr'><strong>Hauc</strong></span> <span class='ocrx_word' id='word_1_53' title='bbox 250 1560 363 1618; x_wconf 89' lang='lat' dir='ltr'><strong>artem</strong></span> <span class='ocrx_word' id='word_1_54' title='bbox 391 1548 599 1640; x_wconf 86' lang='lat' dir='ltr'><strong>ignorarunt</strong></span> <span class='ocrx_word' id='word_1_55' title='bbox 631 1550 780 1628; x_wconf 91' lang='lat' dir='ltr'><strong>medici,</strong></span> <span class='ocrx_word' id='word_1_56' title='bbox 815 1560 960 1642; x_wconf 90' lang='lat' dir='ltr'><strong>propter</strong></span> <span class='ocrx_word' id='word_1_57' title='bbox 995 1568 1150 1616; x_wconf 89' lang='lat' dir='ltr'><strong>errorem</strong></span> 
     </span>
     <span class='ocr_line' id='line_1_11' title="bbox 116 1647 1151 1765; baseline -0.008 -19"><span class='ocrx_word' id='word_1_58' title='bbox 116 1673 313 1765; x_wconf 76' lang='lat' dir='ltr'><strong>vulgarem,</strong></span> <span class='ocrx_word' id='word_1_59' title='bbox 340 1671 473 1742; x_wconf 89' lang='lat' dir='ltr'><strong>morbis</strong></span> <span class='ocrx_word' id='word_1_60' title='bbox 489 1671 632 1742; x_wconf 90' lang='lat' dir='ltr'><strong>subesse</strong></span> <span class='ocrx_word' id='word_1_61' title='bbox 651 1695 808 1741; x_wconf 85' lang='lat' dir='ltr'><strong>caussam</strong></span> <span class='ocrx_word' id='word_1_62' title='bbox 822 1671 1053 1742; x_wconf 84' lang='lat' dir='ltr'><strong>materialem.</strong></span> <span class='ocrx_word' id='word_1_63' title='bbox 1076 1647 1151 1740; x_wconf 84' lang='lat' dir='ltr'><strong>Ita·</strong></span> 
     </span>
     <span class='ocr_line' id='line_1_12' title="bbox 115 1793 1150 1890; baseline -0.005 -23"><span class='ocrx_word' id='word_1_64' title='bbox 115 1820 188 1890; x_wconf 85' lang='lat' dir='ltr'><strong>que</strong></span> <span class='ocrx_word' id='word_1_65' title='bbox 214 1795 252 1865; x_wconf 94' lang='lat' dir='ltr'><strong>iu</strong></span> <span class='ocrx_word' id='word_1_66' title='bbox 274 1795 363 1866; x_wconf 86' lang='lat' dir='ltr'><strong>duas</strong></span> <span class='ocrx_word' id='word_1_67' title='bbox 391 1794 562 1867; x_wconf 82' lang='lat' dir='ltr'><strong>abierunt</strong></span> <span class='ocrx_word' id='word_1_68' title='bbox 584 1795 733 1866; x_wconf 89' lang='lat' dir='ltr'><strong>curandi</strong></span> <span class='ocrx_word' id='word_1_69' title='bbox 759 1795 852 1864; x_wconf 84' lang='lat' dir='ltr'><strong>vias:</strong></span> <span class='ocrx_word' id='word_1_70' title='bbox 888 1795 1036 1866; x_wconf 86' lang='lat' dir='ltr'><strong>alteram</strong></span> <span class='ocrx_word' id='word_1_71' title='bbox 1064 1793 1150 1862; x_wconf 90' lang='lat' dir='ltr'><strong>allo·</strong></span> 
     </span>
     <span class='ocr_line' id='line_1_13' title="bbox 115 1918 1151 2012; baseline -0.004 -24"><span class='ocrx_word' id='word_1_72' title='bbox 115 1918 314 2012; x_wconf 86' lang='lat' dir='ltr'><strong>pathicam,</strong></span> <span class='ocrx_word' id='word_1_73' title='bbox 334 1920 492 1991; x_wconf 88' lang='lat' dir='ltr'><strong>remedio</strong></span> <span class='ocrx_word' id='word_1_74' title='bbox 505 1920 640 1998; x_wconf 84' lang='lat' dir='ltr'><strong>alieno,</strong></span> <span class='ocrx_word' id='word_1_75' title='bbox 660 1919 932 2012; x_wconf 88' lang='lat' dir='ltr'><strong>antipathicam,</strong></span> <span class='ocrx_word' id='word_1_76' title='bbox 954 1921 1029 1989; x_wconf 82' lang='lat' dir='ltr'><strong>sire</strong></span> <span class='ocrx_word' id='word_1_77' title='bbox 1042 1939 1151 1987; x_wconf 86' lang='lat' dir='ltr'><strong>enan-</strong></span> 
     </span>
     <span class='ocr_line' id='line_1_14' title="bbox 114 2039 1153 2135; baseline -0.002 -23"><span class='ocrx_word' id='word_1_78' title='bbox 114 2041 349 2135; x_wconf 87' lang='lat' dir='ltr'><strong>tiopathieam</strong></span> <span class='ocrx_word' id='word_1_79' title='bbox 362 2045 527 2124; x_wconf 85' lang='lat' dir='ltr'><strong>alteram,</strong></span> <span class='ocrx_word' id='word_1_80' title='bbox 552 2042 710 2115; x_wconf 85' lang='lat' dir='ltr'><strong>remedio</strong></span> <span class='ocrx_word' id='word_1_81' title='bbox 725 2043 922 2123; x_wconf 88' lang='lat' dir='ltr'><strong>contrario,</strong></span> <span class='ocrx_word' id='word_1_82' title='bbox 948 2039 1153 2134; x_wconf 85' lang='lat' dir='ltr'><strong>palliativo,</strong></span> 
     </span>
     <span class='ocr_line' id='line_1_15' title="bbox 116 2142 1154 2262; baseline -0.003 -27"><span class='ocrx_word' id='word_1_83' title='bbox 116 2177 307 2260; x_wconf 86' lang='lat' dir='ltr'><strong>utramque</strong></span> <span class='ocrx_word' id='word_1_84' title='bbox 325 2167 508 2248; x_wconf 88' lang='lat' dir='ltr'><strong>nocivam,</strong></span> <span class='ocrx_word' id='word_1_85' title='bbox 534 2142 712 2262; x_wconf 86' lang='lat' dir='ltr'><strong>siquidem</strong></span> <span class='ocrx_word' id='word_1_86' title='bbox 732 2167 842 2237; x_wconf 90' lang='lat' dir='ltr'><strong>altera</strong></span> <span class='ocrx_word' id='word_1_87' title='bbox 863 2166 1009 2237; x_wconf 89' lang='lat' dir='ltr'><strong>morbus</strong></span> <span class='ocrx_word' id='word_1_88' title='bbox 1029 2186 1154 2258; x_wconf 89' lang='lat' dir='ltr'><strong>aggra-</strong></span> 
     </span>
     <span class='ocr_line' id='line_1_16' title="bbox 115 2289 1153 2386; baseline 0.002 -28"><span class='ocrx_word' id='word_1_89' title='bbox 115 2299 238 2367; x_wconf 83' lang='lat' dir='ltr'><strong>vatur,</strong></span> <span class='ocrx_word' id='word_1_90' title='bbox 264 2289 378 2358; x_wconf 87' lang='lat' dir='ltr'><strong>altera</strong></span> <span class='ocrx_word' id='word_1_91' title='bbox 395 2313 460 2383; x_wconf 92' lang='lat' dir='ltr'><strong>pro</strong></span> <span class='ocrx_word' id='word_1_92' title='bbox 478 2301 636 2385; x_wconf 87' lang='lat' dir='ltr'><strong>tempore</strong></span> <span class='ocrx_word' id='word_1_93' title='bbox 657 2292 900 2385; x_wconf 88' lang='lat' dir='ltr'><strong>supprimitur.</strong></span> <span class='ocrx_word' id='word_1_94' title='bbox 934 2293 1023 2364; x_wconf 88' lang='lat' dir='ltr'><strong>Nam</strong></span> <span class='ocrx_word' id='word_1_95' title='bbox 1040 2313 1153 2386; x_wconf 86' lang='lat' dir='ltr'><strong>quae·</strong></span> 
     </span>
     <span class='ocr_line' id='line_1_17' title="bbox 115 2410 1153 2509; baseline 0 -26"><span class='ocrx_word' id='word_1_96' title='bbox 115 2413 171 2483; x_wconf 85' lang='lat' dir='ltr'><strong>vis</strong></span> <span class='ocrx_word' id='word_1_97' title='bbox 191 2412 369 2482; x_wconf 90' lang='lat' dir='ltr'><strong>medicina</strong></span> <span class='ocrx_word' id='word_1_98' title='bbox 391 2410 573 2506; x_wconf 87' lang='lat' dir='ltr'><strong>duplicem</strong></span> <span class='ocrx_word' id='word_1_99' title='bbox 593 2412 704 2485; x_wconf 89' lang='lat' dir='ltr'><strong>habet</strong></span> <span class='ocrx_word' id='word_1_100' title='bbox 718 2414 922 2486; x_wconf 88' lang='lat' dir='ltr'><strong>actionem:</strong></span> <span class='ocrx_word' id='word_1_101' title='bbox 948 2415 1153 2509; x_wconf 89' lang='lat' dir='ltr'><strong>primariam</strong></span> 
     </span>
     <span class='ocr_line' id='line_1_18' title="bbox 117 2533 1236 2626; baseline 0.001 -21"><span class='ocrx_word' id='word_1_102' title='bbox 117 2547 156 2606; x_wconf 88' lang='lat' dir='ltr'><strong>et</strong></span> <span class='ocrx_word' id='word_1_103' title='bbox 188 2533 452 2620; x_wconf 81' lang='lat' dir='ltr'><strong>secundariam3</strong></span> <span class='ocrx_word' id='word_1_104' title='bbox 482 2535 572 2605; x_wconf 89' lang='lat' dir='ltr'><strong>haec</strong></span> <span class='ocrx_word' id='word_1_105' title='bbox 590 2538 778 2626; x_wconf 86' lang='lat' dir='ltr'><strong>organismi</strong></span> <span class='ocrx_word' id='word_1_106' title='bbox 797 2542 935 2608; x_wconf 90' lang='lat' dir='ltr'><strong>renisus</strong></span> <span class='ocrx_word' id='word_1_107' title='bbox 967 2550 1031 2609; x_wconf 87' lang='lat' dir='ltr'><strong>est.</strong></span> <span class='ocrx_word' id='word_1_108' title='bbox 1080 2541 1157 2610; x_wconf 65' lang='lat' dir='ltr'><strong>lla-v</strong></span> <span class='ocrx_word' id='word_1_109' title='bbox 1235 2533 1236 2537; x_wconf 59' lang='grc'>’</span> 
     </span>
     <span class='ocr_line' id='line_1_19' title="bbox 59 2640 1154 2752; baseline 0 -23"><span class='ocrx_word' id='word_1_110' title='bbox 59 2640 62 2648; x_wconf 52' lang='grc'><strong>’</strong></span> <span class='ocrx_word' id='word_1_111' title='bbox 116 2682 185 2730; x_wconf 88' lang='lat' dir='ltr'><strong>nus</strong></span> <span class='ocrx_word' id='word_1_112' title='bbox 212 2659 350 2752; x_wconf 86' lang='lat' dir='ltr'><strong>gelidae</strong></span> <span class='ocrx_word' id='word_1_113' title='bbox 377 2659 542 2729; x_wconf 84' lang='lat' dir='ltr'><strong>immersa</strong></span> <span class='ocrx_word' id='word_1_114' title='bbox 571 2657 685 2752; x_wconf 88' lang='lat' dir='ltr'><strong>primo</strong></span> <span class='ocrx_word' id='word_1_115' title='bbox 712 2658 838 2752; x_wconf 85' lang='lat' dir='ltr'><strong>friget,</strong></span> <span class='ocrx_word' id='word_1_116' title='bbox 870 2660 974 2741; x_wconf 91' lang='lat' dir='ltr'><strong>inde,</strong></span> <span class='ocrx_word' id='word_1_117' title='bbox 1000 2661 1154 2732; x_wconf 89' lang='lat' dir='ltr'><strong>reactio·</strong></span> 
     </span>
     <span class='ocr_line' id='line_1_20' title="bbox 115 2783 1153 2878; baseline -0.001 -23"><span class='ocrx_word' id='word_1_118' title='bbox 115 2807 164 2855; x_wconf 88' lang='lat' dir='ltr'><strong>ne</strong></span> <span class='ocrx_word' id='word_1_119' title='bbox 203 2794 317 2862; x_wconf 90' lang='lat' dir='ltr'><strong>mota,</strong></span> <span class='ocrx_word' id='word_1_120' title='bbox 360 2784 464 2855; x_wconf 79' lang='lat' dir='ltr'><strong>calet</strong></span> <span class='ocrx_word' id='word_1_121' title='bbox 521 2783 701 2877; x_wconf 82' lang='lat' dir='ltr'><strong>Quoniam</strong></span> <span class='ocrx_word' id='word_1_122' title='bbox 742 2807 828 2854; x_wconf 83' lang='lat' dir='ltr'><strong>vero</strong></span> <span class='ocrx_word' id='word_1_123' title='bbox 863 2783 1153 2878; x_wconf 86' lang='lat' dir='ltr'><strong>homoiopathica</strong></span> 
     </span>
     <span class='ocr_line' id='line_1_21' title="bbox 116 2905 1155 3001; baseline 0.001 -23"><span class='ocrx_word' id='word_1_124' title='bbox 116 2905 295 2978; x_wconf 87' lang='lat' dir='ltr'><strong>medicina</strong></span> <span class='ocrx_word' id='word_1_125' title='bbox 325 2905 406 2978; x_wconf 91' lang='lat' dir='ltr'><strong>dosi</strong></span> <span class='ocrx_word' id='word_1_126' title='bbox 435 2907 627 2998; x_wconf 85' lang='lat' dir='ltr'><strong>praebetur</strong></span> <span class='ocrx_word' id='word_1_127' title='bbox 656 2908 801 3000; x_wconf 81' lang='lat' dir='ltr'><strong>exigua,</strong></span> <span class='ocrx_word' id='word_1_128' title='bbox 838 2909 971 2980; x_wconf 88' lang='lat' dir='ltr'><strong>sufficit</strong></span> <span class='ocrx_word' id='word_1_129' title='bbox 1000 2911 1076 3001; x_wconf 85' lang='lat' dir='ltr'><strong>ipsa</strong></span> <span class='ocrx_word' id='word_1_130' title='bbox 1109 2908 1155 2979; x_wconf 90' lang='lat' dir='ltr'><strong>ad</strong></span> 
     </span>
     <span class='ocr_line' id='line_1_22' title="bbox 116 3029 1154 3126; baseline 0 -26"><span class='ocrx_word' id='word_1_131' title='bbox 116 3029 279 3102; x_wconf 86' lang='lat' dir='ltr'><strong>morbum</strong></span> <span class='ocrx_word' id='word_1_132' title='bbox 301 3051 423 3121; x_wconf 88' lang='lat' dir='ltr'><strong>parem</strong></span> <span class='ocrx_word' id='word_1_133' title='bbox 455 3030 668 3111; x_wconf 90' lang='lat' dir='ltr'><strong>delendum,</strong></span> <span class='ocrx_word' id='word_1_134' title='bbox 703 3034 801 3102; x_wconf 91' lang='lat' dir='ltr'><strong>nulla</strong></span> <span class='ocrx_word' id='word_1_135' title='bbox 828 3033 1019 3126; x_wconf 88' lang='lat' dir='ltr'><strong>superstite</strong></span> <span class='ocrx_word' id='word_1_136' title='bbox 1049 3044 1154 3101; x_wconf 89' lang='lat' dir='ltr'><strong>nota·</strong></span> 
     </span>
     <span class='ocr_line' id='line_1_23' title="bbox 115 3155 1151 3252; baseline 0.001 -27"><span class='ocrx_word' id='word_1_137' title='bbox 115 3155 195 3231; x_wconf 86' lang='lat' dir='ltr'><strong>bili.</strong></span> <span class='ocrx_word' id='word_1_138' title='bbox 210 3155 475 3238; x_wconf 88' lang='lat' dir='ltr'><strong>medicaminis,</strong></span> <span class='ocrx_word' id='word_1_139' title='bbox 501 3167 647 3251; x_wconf 86' lang='lat' dir='ltr'><strong>propter</strong></span> <span class='ocrx_word' id='word_1_140' title='bbox 670 3157 764 3228; x_wconf 88' lang='lat' dir='ltr'><strong>hanc</strong></span> <span class='ocrx_word' id='word_1_141' title='bbox 784 3157 879 3229; x_wconf 89' lang='lat' dir='ltr'><strong>dosis</strong></span> <span class='ocrx_word' id='word_1_142' title='bbox 902 3157 1151 3252; x_wconf 82' lang='lat' dir='ltr'><strong>exiguitatem,</strong></span> 
     </span>
     <span class='ocr_line' id='line_1_24' title="bbox 113 3279 729 3381; baseline -0.003 -31"><span class='ocrx_word' id='word_1_143' title='bbox 113 3279 266 3350; x_wconf 87' lang='lat' dir='ltr'><strong>actione.</strong></span> <span class='ocrx_word' id='word_1_144' title='bbox 727 3377 729 3381; x_wconf 18' lang='grc' dir='ltr'>ι</span> 
     </span>
    </p>

    <p class='ocr_par' dir='ltr' id='par_1_3' title="bbox 114 3390 1244 4124">
     <span class='ocr_line' id='line_1_25' title="bbox 164 3390 1152 3502; baseline 0.004 -28"><span class='ocrx_word' id='word_1_145' title='bbox 164 3404 245 3474; x_wconf 83' lang='lat' dir='ltr'><strong>lam</strong></span> <span class='ocrx_word' id='word_1_146' title='bbox 265 3426 349 3474; x_wconf 85' lang='lat' dir='ltr'><strong>vero</strong></span> <span class='ocrx_word' id='word_1_147' title='bbox 379 3405 581 3499; x_wconf 85' lang='lat' dir='ltr'><strong>quaeritur:</strong></span> <span class='ocrx_word' id='word_1_148' title='bbox 619 3405 666 3479; x_wconf 87' lang='lat'><strong>1⁰.</strong></span> <span class='ocrx_word' id='word_1_149' title='bbox 690 3432 763 3502; x_wconf 87' lang='lat' dir='ltr'><strong>quo</strong></span> <span class='ocrx_word' id='word_1_150' title='bbox 783 3420 888 3501; x_wconf 89' lang='lat' dir='ltr'><strong>pacto</strong></span> <span class='ocrx_word' id='word_1_151' title='bbox 914 3409 1075 3479; x_wconf 87' lang='lat' dir='ltr'><strong>medicus</strong></span> <span class='ocrx_word' id='word_1_152' title='bbox 1096 3390 1152 3478; x_wconf 72' lang='lat' dir='ltr'><strong>re·</strong></span> 
     </span>
     <span class='ocr_line' id='line_1_26' title="bbox 114 3528 1155 3624; baseline 0.006 -28"><span class='ocrx_word' id='word_1_153' title='bbox 114 3528 293 3624; x_wconf 87' lang='lat' dir='ltr'><strong>periatid,</strong></span> <span class='ocrx_word' id='word_1_154' title='bbox 318 3529 421 3622; x_wconf 91' lang='lat' dir='ltr'><strong>quod</strong></span> <span class='ocrx_word' id='word_1_155' title='bbox 435 3553 524 3623; x_wconf 90' lang='lat' dir='ltr'><strong>opus</strong></span> <span class='ocrx_word' id='word_1_156' title='bbox 540 3529 691 3613; x_wconf 87' lang='lat' dir='ltr'><strong>habeat,</strong></span> <span class='ocrx_word' id='word_1_157' title='bbox 716 3535 763 3604; x_wconf 92' lang='lat' dir='ltr'><strong>ad</strong></span> <span class='ocrx_word' id='word_1_158' title='bbox 778 3533 892 3604; x_wconf 88' lang='lat' dir='ltr'><strong>morbi</strong></span> <span class='ocrx_word' id='word_1_159' title='bbox 910 3531 1155 3618; x_wconf 70' lang='lat' dir='ltr'><strong>sanationem·</strong></span> 
     </span>
     <span class='ocr_line' id='line_1_27' title="bbox 117 3652 1149 3748; baseline -0.002 -22"><span class='ocrx_word' id='word_1_160' title='bbox 117 3654 165 3726; x_wconf 85' lang='lat'><strong>2⁰.</strong></span> <span class='ocrx_word' id='word_1_161' title='bbox 191 3652 370 3748; x_wconf 89' lang='lat' dir='ltr'><strong>quomodo</strong></span> <span class='ocrx_word' id='word_1_162' title='bbox 388 3653 550 3724; x_wconf 78' lang='lat' dir='ltr'><strong>inveniat</strong></span> <span class='ocrx_word' id='word_1_163' title='bbox 573 3668 657 3745; x_wconf 89' lang='lat' dir='ltr'><strong>apta</strong></span> <span class='ocrx_word' id='word_1_164' title='bbox 675 3657 868 3727; x_wconf 86' lang='lat' dir='ltr'><strong>sanationis</strong></span> <span class='ocrx_word' id='word_1_165' title='bbox 894 3657 1149 3738; x_wconf 87' lang='lat' dir='ltr'><strong>instrumenta;</strong></span> 
     </span>
     <span class='ocr_line' id='line_1_28' title="bbox 116 3775 1151 3870; baseline -0.001 -21"><span class='ocrx_word' id='word_1_166' title='bbox 116 3776 166 3849; x_wconf 85' lang='lat'><strong>3⁰.</strong></span> <span class='ocrx_word' id='word_1_167' title='bbox 189 3800 262 3870; x_wconf 93' lang='lat' dir='ltr'><strong>qua</strong></span> <span class='ocrx_word' id='word_1_168' title='bbox 290 3775 433 3845; x_wconf 92' lang='lat' dir='ltr'><strong>tandem</strong></span> <span class='ocrx_word' id='word_1_169' title='bbox 460 3777 599 3849; x_wconf 87' lang='lat' dir='ltr'><strong>ratione</strong></span> <span class='ocrx_word' id='word_1_170' title='bbox 631 3779 675 3850; x_wconf 92' lang='lat' dir='ltr'><strong>iis</strong></span> <span class='ocrx_word' id='word_1_171' title='bbox 704 3782 880 3850; x_wconf 89' lang='lat' dir='ltr'><strong>utendum</strong></span> <span class='ocrx_word' id='word_1_172' title='bbox 908 3781 974 3862; x_wconf 86' lang='lat' dir='ltr'><strong>sit,</strong></span> <span class='ocrx_word' id='word_1_173' title='bbox 1007 3789 1050 3849; x_wconf 89' lang='lat' dir='ltr'><strong>ut</strong></span> <span class='ocrx_word' id='word_1_174' title='bbox 1078 3778 1151 3849; x_wconf 88' lang='lat' dir='ltr'><strong>fine</strong></span> 
     </span>
     <span class='ocr_line' id='line_1_29' title="bbox 116 3898 1151 4005; baseline 0.002 -34"><span class='ocrx_word' id='word_1_175' title='bbox 116 3925 182 3972; x_wconf 91' lang='lat' dir='ltr'><strong>suo</strong></span> <span class='ocrx_word' id='word_1_176' title='bbox 198 3899 371 4005; x_wconf 86' lang='lat' dir='ltr'><strong>potiatur.</strong></span> <span class='ocrx_word' id='word_1_177' title='bbox 421 3898 479 3970; x_wconf 84' lang='lat' dir='ltr'><strong>Ad</strong></span> <span class='ocrx_word' id='word_1_178' title='bbox 499 3901 647 3989; x_wconf 88' lang='lat' dir='ltr'><strong>primam</strong></span> <span class='ocrx_word' id='word_1_179' title='bbox 668 3905 915 4000; x_wconf 89' lang='lat' dir='ltr'><strong>quaestionem</strong></span> <span class='ocrx_word' id='word_1_180' title='bbox 936 3905 987 3973; x_wconf 91' lang='lat' dir='ltr'><strong>ita</strong></span> <span class='ocrx_word' id='word_1_181' title='bbox 1007 3924 1151 3992; x_wconf 88' lang='lat' dir='ltr'><strong>respou-</strong></span> 
     </span>
     <span class='ocr_line' id='line_1_30' title="bbox 117 4023 1244 4124; baseline -0.004 -28"><span class='ocrx_word' id='word_1_182' title='bbox 117 4026 203 4105; x_wconf 87' lang='lat' dir='ltr'><strong>det,</strong></span> <span class='ocrx_word' id='word_1_183' title='bbox 230 4036 272 4097; x_wconf 92' lang='lat' dir='ltr'><strong>ut</strong></span> <span class='ocrx_word' id='word_1_184' title='bbox 299 4023 502 4095; x_wconf 88' lang='lat' dir='ltr'><strong>morborum</strong></span> <span class='ocrx_word' id='word_1_185' title='bbox 531 4029 668 4098; x_wconf 90' lang='lat' dir='ltr'><strong>curatio</strong></span> <span class='ocrx_word' id='word_1_186' title='bbox 696 4053 780 4100; x_wconf 86' lang='lat' dir='ltr'><strong>cum·</strong></span> <span class='ocrx_word' id='word_1_187' title='bbox 801 4030 958 4124; x_wconf 84' lang='lat' dir='ltr'><strong>postulet</strong></span> <span class='ocrx_word' id='word_1_188' title='bbox 986 4027 1153 4100; x_wconf 88' lang='lat' dir='ltr'><strong>notitiam</strong></span> <span class='ocrx_word' id='word_1_189' title='bbox 1242 4087 1244 4092; x_wconf 73' lang='grc'>,</span> 
     </span>
    </p>
   </div>
   <div class='ocr_carea' id='block_1_3' title="bbox 0 0 1291 5040">
    <p class='ocr_par' dir='ltr' id='par_1_4' title="bbox 0 0 1291 5040">
     <span class='ocr_line' id='line_1_31' title="bbox 0 0 1291 5040; baseline 0 0"><span class='ocrx_word' id='word_1_190' title='bbox 0 0 1291 5040; x_wconf 95' lang='lat' dir='ltr'><strong> </strong></span> 
     </span>
    </p>
   </div>
  </div>
 </body>
</html>
