2566 5040
156 385 217 456 272
308 387 495 449 noronte
512 385 769 448 rntoosortns
787 385 1075 450 omnebonum.

161 575 227 638 est.
276 562 354 636 Hoc
382 561 559 657 principio
584 563 714 634 nititur
737 562 852 634 morbi
876 564 1109 634 constructio.
1158 562 1206 636 Iu

159 688 288 785 quovis
318 688 442 758 morbo
473 688 713 781 sejunguntur
740 687 956 759 sensibilitas
980 699 1019 759 et
1044 687 1206 758 irritabi·

157 813 262 895 litos,
298 813 394 886 vitae
423 811 595 884 videlicet
623 810 797 895 factores,
830 813 895 908 qui
928 812 998 883 sibi
1026 813 1200 908 oppositi,

158 937 214 1009 ite
230 948 273 1008 ut
295 935 517 1007 irritabilitus
546 935 756 1018 adscendet,
782 936 1025 1010 descendente
1054 936 1205 1008 sensibi-

156 1060 275 1133 litate·
289 1071 496 1133 etcontre:
530 1084 604 1155 quo
632 1060 821 1158 utriusque
850 1060 997 1134 factoris
1026 1062 1204 1135 adscensu

158 1197 198 1257 et
218 1184 396 1258 descensu
419 1183 464 1275 (si
484 1195 643 1255 tronsest
663 1161 827 1255 sanitatis
847 1186 1094 1280 latitudinem)
1110 1211 1205 1258 mor·-

156 1309 226 1382 bus
248 1310 426 1380 noscitur:
452 1332 607 1403 cumque
628 1307 743 1378 erbis
761 1309 857 1379 vitae
875 1307 1073 1381 sectoribus
1089 1311 1202 1382 etium

138 1433 387 1529 ¹reproduotio
416 1433 587 1526 pendeat,
620 1431 777 1524 ipsorum
798 1433 953 1504 mutatio
982 1459 1129 1532 quoque
1156 1434 1201 1509 od

156 1560 252 1631 banc
271 1569 502 1654 propagatum
527 1555 573 1626 ed
599 1579 706 1650 quem
729 1555 893 1628 infimum
925 1580 1113 1653 processus
1139 1584 1210 1656 po.

156 1682 330 1778 tholegici
349 1681 497 1776 gradum
516 1680 632 1752 solum
650 1705 763 1774 quum
783 1681 948 1754 attendet
976 1683 1198 1757 medicorum

145 1810 303 1903 rvnlgus,
328 1808 458 1882 exinde
479 1807 669 1877 humorum
689 1804 990 1900 pathologia.orts
1003 1820 1080 1898 est,
1104 1834 1196 1905 quae

155 1932 323 2005 morbum
344 1943 551 2002 noscentem
575 1953 648 2001 non
674 1929 848 2024 explicet,
876 1930 938 2002 sed
968 1932 1105 2003 fectum
1122 1934 1198 2028 jam

150 2067 311 2130 testatur
333 2067 370 2127 et
397 2055 557 2128 denotat.
607 2054 702 2147 Quis
721 2077 806 2125 vero
828 2055 1062 2128 incitabilitss
1084 2059 1195 2129 solum

154 2180 315 2253 medium
338 2189 412 2266 est,
443 2203 517 2273 quo
543 2179 763 2272 organismos
787 2179 882 2249 affici
904 2193 1044 2274 potest,
1080 2184 1196 2255 nsola

153 2303 297 2376 theoria
313 2301 552 2383 incitationis,
572 2302 617 2373 od
632 2303 799 2399 physices
816 2305 993 2401 principis
1010 2321 1190 2392 revocate,

153 2425 324 2499 medendi
350 2425 501 2499 scientia
524 2439 623 2498 certe
646 2428 821 2524 sperande
842 2441 909 2501 est.

439 2667 903 2735 consecutust.

203 2903 240 2978 I.
275 2905 537 2987 Petiturhnco
559 2915 713 2978 naturae
741 2894 969 3002 philosophis
992 2916 1029 3005 'o
1042 2923 1190 2986 naturas

267 3018 458 3126 ¹orguniose
480 3030 642 3104 scientio.

154 3208 158 3217 ·
185 3155 239 3230 ΙΙ.
273 3156 321 3228 Et
345 3154 533 3250 quidemn
556 3155 796 3250 generationis
823 3156 984 3229 theoria:
1002 3199 1046 3215 -
1062 3159 1191 3232 indivi-

155 3359 159 3366 ,
268 3279 342 3352 dus
357 3316 403 3334 ··-
417 3302 528 3373 genus
540 3317 587 3333 -
600 3280 805 3351 absolutum
818 3317 865 3331 —··
886 3304 1036 3355 sexuum
1066 3284 1195 3358 discri-

265 3429 350 3490 men
374 3444 421 3496 ε-
446 3403 532 3501 dyas
557 3441 604 3456 -
629 3404 836 3476 duolismus.
892 3435 895 3441 ⁴

168 3530 233 3603 111
268 3530 514 3604 sensibilitate
537 3542 718 3626 tamquam
745 3506 882 3602 summa
899 3546 1051 3606 naturae
1074 3534 1112 3608 vi
1129 3561 1192 3634 po-

265 3656 352 3736 site,
377 3656 519 3727 secedit
540 3654 586 3725 ad
606 3654 876 3743 mysticismum.

152 3780 232 3865 tv.
266 3777 506 3854 Probabiliter
525 3781 682 3875 explicat
701 3781 833 3853 virium
859 3783 1105 3880 orguniosrum
1129 3811 1192 3860 co·

263 3904 469 4001 gustionem
488 3917 526 3977 et
545 3903 832 4002 discrepantiam.
959 3992 961 3996 ¹
