2566 5040
335 387 551 484 ¹caoncms
566 387 766 451 ruuasros
785 389 920 453 sirau
1101 391 1168 452 zos

113 590 237 642 corum
253 567 394 660 placitis
410 578 568 646 tenetur,
589 576 670 636 tum
689 565 866 661 propriam
881 567 1027 658 exponit
1042 567 1154 661 ipsius

113 693 274 764 indolem
308 694 477 787 illamque
506 691 725 784 praeclaram
753 689 1076 784 metamorphosin,
1110 715 1153 763 ex

113 826 252 914 quaet
273 815 412 887 auctior
431 825 469 884 et
484 813 679 908 perfectior
703 815 848 910 prodiit.

161 941 281 1033 Hujus
311 939 340 1010 si
368 938 616 1010 adumbratam
640 941 795 1034 speciem
822 960 967 1008 cernere
997 939 1157 1021 aveatis,'
1248 1021 1251 1028 Ι

114 1075 240 1135 notate
266 1087 418 1158 quaesoz
445 1088 511 1158 per
540 1067 725 1137 Srsuumu
742 1045 930 1132 theoriam
963 1073 1001 1131 et
1032 1065 1165 1156 praxin-

114 1187 279 1264 arctiori,
304 1211 412 1280 quam
431 1201 556 1270 antea,
581 1187 727 1260 viuculo
755 1185 865 1256 luisse
889 1208 1016 1255 nexas:
1043 1188 1168 1283 siqui·-

115 1311 199 1381 dem
224 1310 447 1404 physiologia
471 1322 509 1381 et
537 1310 742 1405 pathologia
770 1311 919 1380 Sauum
942 1308 1055 1403 ipsam
1080 1337 1156 1385 me·

114 1436 225 1508 dendi
254 1436 464 1506 methodum
492 1459 576 1506 cum
606 1422 778 1515 naturae,
810 1444 887 1503 tum
916 1434 1019 1516 artis,
1045 1434 1161 1529 hujus

116 1560 367 1641 administrae,
402 1561 505 1654 quasi
535 1558 649 1651 digito
675 1568 954 1628 commonstrant
977 1582 1020 1629 ac
1052 1560 1159 1631 simul
1212 1657 1213 1660 Ἴ

116 1684 258 1755 medico
288 1684 420 1755 artifici
446 1684 485 1753 in
507 1682 756 1775 therapeutica
777 1683 934 1753 naturali
959 1685 1159 1778 exemplum

116 1818 338 1903 proponunt,
365 1808 411 1878 ad
423 1806 521 1903 quod
541 1808 579 1876 in
594 1829 679 1876 casu
696 1804 845 1898 ancipiti
856 1828 899 1877 ac
916 1806 1028 1879 dubio
1044 1822 1160 1881 artem

114 1933 270 2025 dirigere
284 1956 430 2002 securus
449 1931 571 2025 possit.
665 2000 669 2007 ,
709 1903 714 1918 ’

167 2057 333 2127 Secundo
363 2056 461 2126 loco:
497 2079 572 2125 nou
598 2079 641 2125 er
670 2053 810 2125 theoria
841 2055 987 2149 praxin,
1022 2056 1086 2127 sed
1114 2082 1158 2129 ex

115 2179 218 2275 praxi
245 2179 420 2250 theoriam
447 2180 556 2251 luisse
580 2179 847 2260 concinnatam,
871 2194 944 2273 quo
976 2190 1161 2275 tamquam
1223 2156 1226 2162 ’

116 2328 212 2376 novo
243 2306 406 2398 exemplo
444 2307 604 2376 cernitur
638 2303 850 2382 reformatae
878 2315 960 2398 post
999 2306 1161 2378 medium

116 2451 246 2500 aarum
271 2429 472 2499 medicinae
499 2429 663 2523 proprius
689 2452 732 2498 ac
756 2428 948 2523 peculiaris
973 2430 1161 2502 character

115 2554 446 2647 pharmaceuticus,
470 2576 579 2648 quem
610 2552 710 2646 prius
736 2551 1007 2622 observavimus·
1034 2580 1161 2648 saepe.-

116 2701 277 2747 nurnero.
326 2677 390 2746 Est
419 2689 558 2759 autem,
583 2700 677 2771 quae
706 2674 769 2745 hic
800 2674 969 2745 laudatur
996 2670 1160 2768 pharrira·
1270 2667 1273 2672 ¹

117 2804 277 2883 cauticc,
311 2825 385 2872 non
416 2801 613 2872 artificialis
646 2800 727 2881 illa.
763 2798 827 2870 sed
856 2801 1050 2884 naturalis,
1086 2824 1160 2898 qua

92 2930 95 2935 ’
116 2927 163 2996 ad
187 2931 604 2998 veteremtturocnuus
624 2924 840 2995 medicinam
861 2918 1014 2997 accedit.

165 3050 331 3145 Denique
362 3051 497 3122 rersari
522 3050 621 3121 illam
646 3048 799 3119 maxime
826 3048 922 3119 cirea
948 3075 1162 3144 organorum

116 3174 283 3247 vitalium
308 3175 584 3271 physiologiam.
609 3185 674 3244 aut
691 3174 818 3245 saltem
840 3175 936 3246 circa
957 3177 1161 3249 circulatio·

115 3302 174 3370 nis
212 3299 409 3384 officinam,
442 3325 526 3397 >quo
566 3322 650 3370 cum
685 3299 896 3371 Harvaeana
938 3301 1161 3397 physiologia

117 3425 369 3517 conjungitur.
394 3437 435 3495 ut
463 3424 509 3493 ab
536 3425 646 3494 altera
673 3431 787 3516 parte
805 3447 870 3517 per
895 3425 1023 3496 merito
1051 3427 1161 3496 aesti-

113 3527 249 3618 matam
280 3550 521 3619 secretiouum
558 3549 874 3643 excretiouumque
914 3549 1162 3621 salubritatem

115 3673 163 3744 ad
186 3671 619 3769 Malpighianam'pariter
636 3673 807 3767 pertinet.
854 3675 1054 3766 Praecipue
1075 3696 1161 3747 vero

116 3800 319 3890 systematis
344 3799 467 3868 venosi
481 3800 520 3868 in
537 3798 669 3869 morbis
687 3795 869 3870 chronicis
885 3810 923 3870 et
937 3797 1161 3891 concitandis

115 3935 158 3993 et
184 3923 350 3992 sanandis
379 3921 593 4016 dignitatem
617 3934 831 3995 monstrasse
851 3935 889 3994 et
910 3946 1019 4018 quam
1039 3923 1162 4016 pluri·

115 4067 258 4119 morum
275 4069 498 4123 communem
518 4073 561 4120 ex
581 4049 652 4120 hoc
667 4060 858 4144 systemate
877 4046 1074 4140 originem.¹
1156 4088 1159 4100 ·

896 4167 931 4228 n
943 4179 957 4208 ⁸
