2566 5040
80 383 88 398 ·
162 345 214 425 as
403 349 1005 431 scaoas'aurmreonnrs‘

163 540 236 612 sint
254 553 373 638 atquc
410 557 632 628 tractantur,
664 566 757 638 quae
788 545 940 614 maxime
971 566 1013 615 ex
1046 553 1211 638 utraque

162 679 266 759 parte
294 667 477 752 dicantur,
507 670 680 740 indicavit
707 669 837 740 Cessas
859 667 898 737 in
920 665 1068 761 Proeſs-
1099 668 1210 760 Quae

164 790 195 858 si
215 789 337 889 animo¹
354 805 581 885 reputemus,
605 793 704 892 haud
725 814 800 863 una
819 791 858 861 in
876 813 917 860 re
938 790 1120 886 empiricis
1139 794 1210 886 po·

163 914 260 997 tias.
302 938 412 1009 quam
447 915 659 1010 dogmaticis
696 914 974 989 adsentiendum
1007 914 1210 990 ridebitur.

164 1036 354 1111 Theoriam
371 1042 466 1111 enim
487 1041 557 1112 hoc
574 1052 735 1138 tempore
749 1039 982 1135 reprobantes
1001 1051 1115 1113 artem
1132 1064 1210 1113 non

163 1138 373 1236 ornamento
399 1168 578 1259 privasse,
604 1166 668 1238 sed
695 1189 805 1238 onere
833 1163 1002 1235 liberasse
1032 1164 1210 1237 censendi

162 1298 268 1374 sunt3
292 1287 331 1358 in
349 1313 394 1361 eo
416 1301 557 1361 tantum
581 1289 765 1385 culpandi.
791 1288 889 1386 quod
905 1289 944 1356 in
963 1299 1124 1358 extrema
1145 1313 1211 1360 ru·

162 1423 478 1515 errtcsanatomen
501 1414 549 1511 ab
575 1416 785 1487 Hunosmao
805 1425 844 1487 et
864 1413 1111 1484 Enssrsrarro
1132 1412 1210 1483 cul·

163 1545 236 1607 tam
258 1538 534 1632 proscriberent.

219 1661 347 1731 Artem
371 1685 393 1731 a
424 1665 555 1757 triplici
584 1663 685 1736 fonte
713 1661 907 1759 petebants
938 1659 986 1731 ab
1020 1660 1209 1755 autopsia,

162 1783 313 1857 historia
340 1799 449 1882 atque
478 1791 695 1884 analogismo
724 1783 849 1884 (τριποῡς
874 1793 924 1867 τὴς
951 1793 1079 1879 turpare
1107 1785 1210 1857 dice-

161 1907 283 2002 batur)
305 1911 438 2004 quibus
459 1914 671 1986 Masonorns
697 1913 858 1994 addidit,
881 1912 959 1987 sire
981 1909 1121 1981 rectius
1133 1918 1212 1985 ,ter-

67 2107 68 2111 ,
161 2031 236 2103 tiae
256 2033 446 2105 substituit
474 2038 723 2130 epilogismum
751 2034 858 2131 (quae
887 2032 1210 2107 condemnasset

160 2158 341 2250 praesenti
363 2159 408 2230 ad
428 2163 683 2255 praeteritum,
708 2182 751 2230 ex
770 2169 1007 2261 symptomata
1029 2156 1078 2227 ad
1098 2178 1208 2227 cauas

162 2287 253 2371 sarrs)
278 2304 395 2376 eoque
424 2284 568 2379 culpam
589 2294 729 2378 spretae
748 2284 921 2357 scientiae
952 2282 1070 2355 uitare
1096 2300 1207 2353 eona·

161 2416 220 2477 tus
241 2416 308 2476 est.
754 2495 758 2501 .
979 2380 984 2397 .
1146 2466 1160 2475 ..
1199 2472 1203 2477 .

178 2578 181 2585 -
211 2524 258 2599 lsi
282 2530 486 2604 morborum
507 2531 671 2627 diagnosi
696 2530 1001 2629 multum'oper'ae
1028 2541 1211 2625 ponentes

161 2669 444 2751 symptomatum
472 2658 686 2753 syndromen
718 2657 883 2729 lecerunt
912 2656 1069 2751 plurimi.
1097 2714 1102 2723 .
1128 2657 1211 2729 tte·

163 2780 274 2851 desidi
294 2749 506 2853 methodum
530 2805 551 2850 a
572 2783 707 2853 caussis
724 2780 871 2853 remotis
889 2793 1214 2877 naturaquemnr·

161 2903 291 2979 lmmm
306 2908 457 2999 petitam
476 2906 726 2999 reprobantes,
753 2904 845 2976 solas
866 2906 1054 2980 evidentes
1063 2887 1213 2979 sameas

163 3042 348 3105 armarunt.
395 3030 520 3125 Atque
544 3029 597 3101 sic
620 3032 817 3127 empiricen
847 3029 1077 3113 rationalem,
1098 3030 1213 3125 arjos

162 3151 257 3227 bone
277 3166 525 3246 cognorerunt
541 3156 740 3250 principia,
764 3155 994 3226 coluerunt.-
1061 3159 1078 3195 ·'
1125 3164 1132 3223 ’.
1199 3186 1205 3195 ·

131 3330 137 3355 -,
211 3275 324 3352 Primi
337 3278 480 3350 scholae
495 3292 662 3351 auctores
678 3281 846 3379 Pramnos
858 3277 951 3350 Cous
969 3289 1007 3350 et
1028 3279 1213 3355 summ

134 3380 135 3385 Ἰ
163 3423 290 3495 parurn
317 3403 473 3496 cogniti:
505 3405 710 3476 notissimus
737 3415 862 3476 contra
888 3404 1122 3477 Hmrcunas
1145 3404 1215 3477 Ta·

159 3524 330 3598 ¹reatinus
363 3525 423 3617 (A.
444 3526 517 3625 240
533 3530 579 3602 A.
601 3530 637 3604 C.
656 3531 713 3625 N).
742 3552 902 3622 magnae,
921 3528 976 3599 vir
1001 3526 1214 3609 doctrinae,

165 3649 382 3724 observandi
401 3667 478 3726 arte
504 3657 620 3725 clarus
644 3667 682 3728 ct
702 3665 849 3748 propter
869 3652 1102 3725 veracitatem
1132 3674 1215 3746 pre·

166 3775 274 3845 batus
304 3779 412 3847 etiarn
441 3776 615 3851 Garnae:
649 3780 828 3876 siquidem
865 3777 999 3872 sylvam
1033 3774 1216 3847 medicam

167 3922 241 3971 non
258 3902 361 3973 novis
377 3904 548 3975 remediis
563 3906 675 3986 auxit,
700 3903 763 3974 sed
783 3927 841 3987 ea,
865 3925 958 3996 quae
973 3902 1050 3994 jam
1069 3910 1220 3995 reperta

168 4036 291 4107 erant,
316 4027 437 4101 denuo
465 4030 664 4126 exploravit
686 4029 863 4101 accuratis
888 4026 1129 4123 repetitisque
1153 4052 1219 4099 en·
