<?xml version="1.0" encoding="UTF-8"?>
<!DOCTYPE html PUBLIC "-//W3C//DTD XHTML 1.0 Transitional//EN"
    "http://www.w3.org/TR/xhtml1/DTD/xhtml1-transitional.dtd">
<html xmlns="http://www.w3.org/1999/xhtml" xml:lang="en" lang="en">
 <head>
  <title>
</title>
<meta http-equiv="Content-Type" content="text/html;charset=utf-8" />
  <meta name='ocr-system' content='tesseract 3.04.00' />
  <meta name='ocr-capabilities' content='ocr_page ocr_carea ocr_par ocr_line ocrx_word'/>
</head>
<body>
  <div class='ocr_page' id='page_1' title='image "./dehistoriamedic00hoevgoog_0013.png"; bbox 0 0 2550 5040; ppageno 0'>
   <div class='ocr_carea' id='block_1_1' title="bbox 588 387 921 515">
    <p class='ocr_par' dir='ltr' id='par_1_1' title="bbox 588 387 921 515">
     <span class='ocr_line' id='line_1_1' title="bbox 623 387 805 440; baseline -0.011 -14"><span class='ocrx_word' id='word_1_1' title='bbox 623 387 805 440; x_wconf 71' lang='grc' dir='ltr'>...η-</span> 
     </span>
     <span class='ocr_line' id='line_1_2' title="bbox 588 468 921 515; baseline 0 -30"><span class='ocrx_word' id='word_1_2' title='bbox 588 480 592 485; x_wconf 88' lang='grc'><strong>.</strong></span> <span class='ocrx_word' id='word_1_3' title='bbox 852 468 921 515; x_wconf 13' lang='lat'><strong><em>,¹</em></strong></span> 
     </span>
    </p>
   </div>
   <div class='ocr_carea' id='block_1_2' title="bbox 91 616 1235 2434">
    <p class='ocr_par' dir='ltr' id='par_1_2' title="bbox 105 616 1235 1721">
     <span class='ocr_line' id='line_1_3' title="bbox 185 616 1235 716; baseline 0.004 -26"><span class='ocrx_word' id='word_1_4' title='bbox 185 616 380 700; x_wconf 70' lang='lat' dir='ltr'><strong><em>historica,</em></strong></span> <span class='ocrx_word' id='word_1_5' title='bbox 411 621 524 714; x_wconf 77' lang='lat' dir='ltr'><strong><em>prius</em></strong></span> <span class='ocrx_word' id='word_1_6' title='bbox 550 623 702 690; x_wconf 84' lang='lat' dir='ltr'><strong><em>nimiam</em></strong></span> <span class='ocrx_word' id='word_1_7' title='bbox 737 621 913 716; x_wconf 80' lang='lat' dir='ltr'><strong><em>neglecta,</em></strong></span> <span class='ocrx_word' id='word_1_8' title='bbox 949 621 1059 692; x_wconf 79' lang='lat' dir='ltr'><strong><em>denno</em></strong></span> <span class='ocrx_word' id='word_1_9' title='bbox 1094 625 1235 694; x_wconf 79' lang='lat' dir='ltr'><strong><em>instau-</em></strong></span> 
     </span>
     <span class='ocr_line' id='line_1_4' title="bbox 182 788 1234 870; baseline 0 -6"><span class='ocrx_word' id='word_1_10' title='bbox 182 795 281 870; x_wconf 81' lang='lat' dir='ltr'><strong><em>rari.</em></strong></span> <span class='ocrx_word' id='word_1_11' title='bbox 332 788 478 862; x_wconf 83' lang='lat' dir='ltr'><strong><em>Horam</em></strong></span> <span class='ocrx_word' id='word_1_12' title='bbox 513 793 608 862; x_wconf 78' lang='lat' dir='ltr'><strong><em>enim</em></strong></span> <span class='ocrx_word' id='word_1_13' title='bbox 637 790 840 861; x_wconf 77' lang='lat' dir='ltr'><strong><em>stadiorum</em></strong></span> <span class='ocrx_word' id='word_1_14' title='bbox 869 817 946 861; x_wconf 88' lang='lat' dir='ltr'><strong><em>cam</em></strong></span> <span class='ocrx_word' id='word_1_15' title='bbox 973 800 1100 864; x_wconf 77' lang='lat' dir='ltr'><strong><em>nostia</em></strong></span> <span class='ocrx_word' id='word_1_16' title='bbox 1124 796 1234 864; x_wconf 84' lang='lat' dir='ltr'><strong><em>insti·</em></strong></span> 
     </span>
     <span class='ocr_line' id='line_1_5' title="bbox 183 961 1233 1058; baseline -0.002 -24"><span class='ocrx_word' id='word_1_17' title='bbox 183 966 315 1034; x_wconf 76' lang='lat' dir='ltr'><strong><em>tutione</em></strong></span> <span class='ocrx_word' id='word_1_18' title='bbox 332 961 548 1039; x_wconf 80' lang='lat' dir='ltr'><strong><em>Academica</em></strong></span> <span class='ocrx_word' id='word_1_19' title='bbox 567 986 673 1056; x_wconf 85' lang='lat' dir='ltr'><strong><em>qaam</em></strong></span> <span class='ocrx_word' id='word_1_20' title='bbox 686 971 793 1033; x_wconf 89' lang='lat' dir='ltr'><strong><em>arcta</em></strong></span> <span class='ocrx_word' id='word_1_21' title='bbox 809 986 951 1056; x_wconf 79' lang='lat' dir='ltr'><strong><em>semper</em></strong></span> <span class='ocrx_word' id='word_1_22' title='bbox 956 964 1083 1056; x_wconf 78' lang='lat' dir='ltr'><strong><em>ficerit</em></strong></span> <span class='ocrx_word' id='word_1_23' title='bbox 1101 989 1233 1058; x_wconf 84' lang='lat' dir='ltr'><strong><em>cogna-</em></strong></span> 
     </span>
     <span class='ocr_line' id='line_1_6' title="bbox 180 1101 1234 1232; baseline -0.001 -26"><span class='ocrx_word' id='word_1_24' title='bbox 180 1139 253 1218; x_wconf 82' lang='lat' dir='ltr'><strong><em>tio,</em></strong></span> <span class='ocrx_word' id='word_1_25' title='bbox 270 1101 476 1232; x_wconf 66' lang='lat' dir='ltr'><strong><em>praeteriti</em></strong></span> <span class='ocrx_word' id='word_1_26' title='bbox 508 1116 682 1228; x_wconf 81' lang='lat' dir='ltr'><strong><em>temporis</em></strong></span> <span class='ocrx_word' id='word_1_27' title='bbox 709 1141 867 1204; x_wconf 81' lang='lat' dir='ltr'><strong><em>testator</em></strong></span> <span class='ocrx_word' id='word_1_28' title='bbox 894 1131 1076 1206; x_wconf 80' lang='lat' dir='ltr'><strong><em>memoria.</em></strong></span> <span class='ocrx_word' id='word_1_29' title='bbox 1131 1132 1234 1228; x_wconf 81' lang='lat' dir='ltr'><strong><em>Quae</em></strong></span> 
     </span>
     <span class='ocr_line' id='line_1_7' title="bbox 105 1306 1232 1411; baseline 0.001 -35"><span class='ocrx_word' id='word_1_30' title='bbox 105 1338 109 1345; x_wconf 55' lang='lat'>¹</span> <span class='ocrx_word' id='word_1_31' title='bbox 181 1306 301 1403; x_wconf 74' lang='lat' dir='ltr'><strong><em>qualis</em></strong></span> <span class='ocrx_word' id='word_1_32' title='bbox 330 1307 473 1379; x_wconf 83' lang='lat' dir='ltr'><strong><em>tandem</em></strong></span> <span class='ocrx_word' id='word_1_33' title='bbox 497 1308 547 1378; x_wconf 91' lang='lat' dir='ltr'><strong><em>sit</em></strong></span> <span class='ocrx_word' id='word_1_34' title='bbox 569 1306 750 1411; x_wconf 83' lang='lat' dir='ltr'><strong><em>cognatio,</em></strong></span> <span class='ocrx_word' id='word_1_35' title='bbox 784 1316 826 1378; x_wconf 84' lang='lat' dir='ltr'><strong><em>at</em></strong></span> <span class='ocrx_word' id='word_1_36' title='bbox 844 1307 921 1400; x_wconf 85' lang='lat' dir='ltr'><strong><em>ipsi</em></strong></span> <span class='ocrx_word' id='word_1_37' title='bbox 939 1330 1014 1400; x_wconf 79' lang='lat' dir='ltr'><strong><em>per</em></strong></span> <span class='ocrx_word' id='word_1_38' title='bbox 1034 1331 1096 1377; x_wconf 87' lang='lat' dir='ltr'><strong><em>oos</em></strong></span> <span class='ocrx_word' id='word_1_39' title='bbox 1120 1307 1232 1377; x_wconf 85' lang='lat' dir='ltr'><strong><em>intel·</em></strong></span> 
     </span>
     <span class='ocr_line' id='line_1_8' title="bbox 181 1455 1232 1592; baseline 0.001 -44"><span class='ocrx_word' id='word_1_40' title='bbox 181 1477 330 1592; x_wconf 80' lang='lat' dir='ltr'><strong><em>ligatis,</em></strong></span> <span class='ocrx_word' id='word_1_41' title='bbox 365 1482 465 1577; x_wconf 80' lang='lat' dir='ltr'><strong><em>agito</em></strong></span> <span class='ocrx_word' id='word_1_42' title='bbox 494 1479 654 1553; x_wconf 81' lang='lat' dir='ltr'><strong><em>breviter</em></strong></span> <span class='ocrx_word' id='word_1_43' title='bbox 678 1479 720 1550; x_wconf 87' lang='lat' dir='ltr'><strong><em>de</em></strong></span> <span class='ocrx_word' id='word_1_44' title='bbox 738 1455 938 1580; x_wconf 76' lang='lat' dir='ltr'><strong><em>praeclaro</em></strong></span> <span class='ocrx_word' id='word_1_45' title='bbox 961 1477 1026 1551; x_wconf 79' lang='lat' dir='ltr'><strong><em>too</em></strong></span> <span class='ocrx_word' id='word_1_46' title='bbox 1050 1477 1232 1549; x_wconf 73' lang='lat' dir='ltr'><strong><em>historiae</em></strong></span> 
     </span>
     <span class='ocr_line' id='line_1_9' title="bbox 177 1633 534 1721; baseline 0 -2"><span class='ocrx_word' id='word_1_47' title='bbox 177 1674 323 1721; x_wconf 81' lang='lat' dir='ltr'><strong><em>manere</em></strong></span> <span class='ocrx_word' id='word_1_48' title='bbox 341 1633 534 1721; x_wconf 80' lang='lat' dir='ltr'><strong><em>videamus.</em></strong></span> 
     </span>
    </p>

    <p class='ocr_par' dir='ltr' id='par_1_3' title="bbox 91 1798 1231 2434">
     <span class='ocr_line' id='line_1_10' title="bbox 184 1798 1230 1895; baseline 0 -3"><span class='ocrx_word' id='word_1_49' title='bbox 184 1798 189 1805; x_wconf 43' lang='grc'><em>’</em></span> <span class='ocrx_word' id='word_1_50' title='bbox 225 1817 404 1895; x_wconf 77' lang='lat' dir='ltr'><strong><em>Historia</em></strong></span> <span class='ocrx_word' id='word_1_51' title='bbox 437 1823 634 1894; x_wconf 73' lang='lat' dir='ltr'><strong><em>medicinae</em></strong></span> <span class='ocrx_word' id='word_1_52' title='bbox 661 1849 740 1894; x_wconf 84' lang='lat' dir='ltr'><strong><em>cam</em></strong></span> <span class='ocrx_word' id='word_1_53' title='bbox 765 1825 817 1895; x_wconf 88' lang='lat' dir='ltr'><strong><em>sit</em></strong></span> <span class='ocrx_word' id='word_1_54' title='bbox 843 1821 1002 1894; x_wconf 76' lang='lat' dir='ltr'><strong><em>historia</em></strong></span> <span class='ocrx_word' id='word_1_55' title='bbox 1030 1846 1158 1894; x_wconf 85' lang='lat' dir='ltr'><strong><em>rerum</em></strong></span> <span class='ocrx_word' id='word_1_56' title='bbox 1182 1823 1230 1892; x_wconf 78' lang='lat' dir='ltr'><strong><em>ab</em></strong></span> 
     </span>
     <span class='ocr_line' id='line_1_11' title="bbox 106 1944 1231 2096; baseline 0.002 -33"><span class='ocrx_word' id='word_1_57' title='bbox 106 2064 108 2073; x_wconf 81' lang='grc'>,</span> <span class='ocrx_word' id='word_1_58' title='bbox 177 1963 378 2063; x_wconf 78' lang='lat' dir='ltr'><strong><em>icominiias</em></strong></span> <span class='ocrx_word' id='word_1_59' title='bbox 402 1996 442 2062; x_wconf 90' lang='lat' dir='ltr'><strong><em>in</em></strong></span> <span class='ocrx_word' id='word_1_60' title='bbox 465 1963 644 2096; x_wconf 74' lang='lat' dir='ltr'><strong><em>medicina</em></strong></span> <span class='ocrx_word' id='word_1_61' title='bbox 666 1944 872 2090; x_wconf 78' lang='lat' dir='ltr'><strong><em>gestarum,</em></strong></span> <span class='ocrx_word' id='word_1_62' title='bbox 897 2017 1032 2095; x_wconf 87' lang='lat' dir='ltr'><strong><em>omnem</em></strong></span> <span class='ocrx_word' id='word_1_63' title='bbox 1053 1995 1231 2090; x_wconf 79' lang='lat' dir='ltr'><strong><em>complec-</em></strong></span> 
     </span>
     <span class='ocr_line' id='line_1_12' title="bbox 91 2121 1231 2268; baseline -0.001 -30"><span class='ocrx_word' id='word_1_64' title='bbox 91 2197 93 2201; x_wconf 93' lang='lat'>·</span> <span class='ocrx_word' id='word_1_65' title='bbox 177 2169 271 2238; x_wconf 80' lang='lat' dir='ltr'><strong><em>titur</em></strong></span> <span class='ocrx_word' id='word_1_66' title='bbox 302 2127 491 2237; x_wconf 89' lang='lat' dir='ltr'><strong><em>scientiam</em></strong></span> <span class='ocrx_word' id='word_1_67' title='bbox 520 2167 694 2268; x_wconf 53' lang='lat' dir='ltr'><strong><em>insonsque</em></strong></span> <span class='ocrx_word' id='word_1_68' title='bbox 725 2121 855 2239; x_wconf 82' lang='lat' dir='ltr'><strong><em>carias</em></strong></span> <span class='ocrx_word' id='word_1_69' title='bbox 881 2176 1016 2238; x_wconf 88' lang='lat' dir='ltr'><strong><em>aetates</em></strong></span> <span class='ocrx_word' id='word_1_70' title='bbox 1048 2168 1152 2238; x_wconf 82' lang='lat' dir='ltr'><strong><em>brevi</em></strong></span> <span class='ocrx_word' id='word_1_71' title='bbox 1186 2168 1231 2239; x_wconf 86' lang='lat' dir='ltr'><strong><em>in</em></strong></span> 
     </span>
     <span class='ocr_line' id='line_1_13' title="bbox 177 2295 1229 2434; baseline 0.002 -26"><span class='ocrx_word' id='word_1_72' title='bbox 177 2295 364 2434; x_wconf 81' lang='lat' dir='ltr'><strong><em>conspecta</em></strong></span> <span class='ocrx_word' id='word_1_73' title='bbox 388 2340 504 2430; x_wconf 81' lang='lat' dir='ltr'><strong><em>ponit.</em></strong></span> <span class='ocrx_word' id='word_1_74' title='bbox 559 2335 781 2411; x_wconf 82' lang='lat' dir='ltr'><strong><em>Medicinam</em></strong></span> <span class='ocrx_word' id='word_1_75' title='bbox 803 2341 843 2409; x_wconf 86' lang='lat' dir='ltr'><strong><em>in</em></strong></span> <span class='ocrx_word' id='word_1_76' title='bbox 867 2363 910 2409; x_wconf 90' lang='lat' dir='ltr'><strong><em>ea</em></strong></span> <span class='ocrx_word' id='word_1_77' title='bbox 937 2342 1117 2410; x_wconf 82' lang='lat' dir='ltr'><strong><em>cernimus</em></strong></span> <span class='ocrx_word' id='word_1_78' title='bbox 1138 2332 1229 2410; x_wconf 72' lang='lat' dir='ltr'><strong><em>nas·⁴</em></strong></span> 
     </span>
    </p>
   </div>
   <div class='ocr_carea' id='block_1_3' title="bbox 176 2506 1228 2606">
    <p class='ocr_par' dir='ltr' id='par_1_4' title="bbox 176 2506 1228 2606">
     <span class='ocr_line' id='line_1_14' title="bbox 176 2506 1228 2606; baseline 0.006 -26"><span class='ocrx_word' id='word_1_79' title='bbox 176 2506 326 2593; x_wconf 76' lang='lat' dir='ltr'><strong><em>centem,</em></strong></span> <span class='ocrx_word' id='word_1_80' title='bbox 354 2519 588 2592; x_wconf 77' lang='lat' dir='ltr'><strong><em>crescentem,</em></strong></span> <span class='ocrx_word' id='word_1_81' title='bbox 614 2510 886 2595; x_wconf 76' lang='lat' dir='ltr'><strong><em>adolescentem,</em></strong></span> <span class='ocrx_word' id='word_1_82' title='bbox 912 2513 1092 2606; x_wconf 79' lang='lat' dir='ltr'><strong><em>vigentem</em></strong></span> <span class='ocrx_word' id='word_1_83' title='bbox 1118 2516 1228 2586; x_wconf 88' lang='lat' dir='ltr'><strong><em>oari-</em></strong></span> 
     </span>
    </p>
   </div>
   <div class='ocr_carea' id='block_1_4' title="bbox 176 2637 1230 2778">
    <p class='ocr_par' dir='ltr' id='par_1_5' title="bbox 176 2637 1230 2778">
     <span class='ocr_line' id='line_1_15' title="bbox 176 2637 1230 2778; baseline 0.006 -28"><span class='ocrx_word' id='word_1_84' title='bbox 176 2704 284 2778; x_wconf 85' lang='lat' dir='ltr'><strong><em>osque</em></strong></span> <span class='ocrx_word' id='word_1_85' title='bbox 301 2681 505 2752; x_wconf 77' lang='lat' dir='ltr'><strong><em>subeuntem</em></strong></span> <span class='ocrx_word' id='word_1_86' title='bbox 530 2637 840 2778; x_wconf 74' lang='lat' dir='ltr'><strong><em>metamorphoses.</em></strong></span> <span class='ocrx_word' id='word_1_87' title='bbox 894 2679 1031 2754; x_wconf 85' lang='lat' dir='ltr'><strong><em>Tradit</em></strong></span> <span class='ocrx_word' id='word_1_88' title='bbox 1052 2684 1230 2778; x_wconf 85' lang='lat' dir='ltr'><strong><em>cognitio·</em></strong></span> 
     </span>
    </p>
   </div>
   <div class='ocr_carea' id='block_1_5' title="bbox 81 2841 1272 3983">
    <p class='ocr_par' dir='ltr' id='par_1_6' title="bbox 81 2841 1272 3983">
     <span class='ocr_line' id='line_1_16' title="bbox 174 2841 1229 2950; baseline 0 -24"><span class='ocrx_word' id='word_1_89' title='bbox 174 2879 254 2926; x_wconf 87' lang='lat' dir='ltr'><strong><em>nem</em></strong></span> <span class='ocrx_word' id='word_1_90' title='bbox 272 2855 444 2925; x_wconf 80' lang='lat' dir='ltr'><strong><em>scientiae</em></strong></span> <span class='ocrx_word' id='word_1_91' title='bbox 456 2856 676 2948; x_wconf 85' lang='lat' dir='ltr'><strong><em>geneticam‚</em></strong></span> <span class='ocrx_word' id='word_1_92' title='bbox 703 2856 825 2937; x_wconf 85' lang='lat' dir='ltr'><strong><em>idest,</em></strong></span> <span class='ocrx_word' id='word_1_93' title='bbox 850 2841 1007 2935; x_wconf 83' lang='lat' dir='ltr'><strong><em>modam,</em></strong></span> <span class='ocrx_word' id='word_1_94' title='bbox 1027 2880 1094 2950; x_wconf 85' lang='lat' dir='ltr'><strong><em>qno</em></strong></span> <span class='ocrx_word' id='word_1_95' title='bbox 1108 2856 1229 2927; x_wconf 87' lang='lat' dir='ltr'><strong><em>scien-</em></strong></span> 
     </span>
     <span class='ocr_line' id='line_1_17' title="bbox 176 3026 1229 3123; baseline 0 -25"><span class='ocrx_word' id='word_1_96' title='bbox 176 3029 231 3098; x_wconf 89' lang='lat' dir='ltr'><strong><em>tia</em></strong></span> <span class='ocrx_word' id='word_1_97' title='bbox 249 3036 338 3096; x_wconf 90' lang='lat' dir='ltr'><strong><em>nata</em></strong></span> <span class='ocrx_word' id='word_1_98' title='bbox 359 3028 409 3097; x_wconf 89' lang='lat' dir='ltr'><strong><em>sit</em></strong></span> <span class='ocrx_word' id='word_1_99' title='bbox 435 3027 624 3123; x_wconf 81' lang='lat' dir='ltr'><strong><em>multisque</em></strong></span> <span class='ocrx_word' id='word_1_100' title='bbox 656 3027 851 3098; x_wconf 77' lang='lat' dir='ltr'><strong><em>multorom</em></strong></span> <span class='ocrx_word' id='word_1_101' title='bbox 878 3026 1060 3098; x_wconf 76' lang='lat' dir='ltr'><strong><em>tatoribus</em></strong></span> <span class='ocrx_word' id='word_1_102' title='bbox 1082 3051 1229 3122; x_wconf 76' lang='lat' dir='ltr'><strong><em>perpo-</em></strong></span> 
     </span>
     <span class='ocr_line' id='line_1_18' title="bbox 81 3182 1231 3295; baseline -0.001 -23"><span class='ocrx_word' id='word_1_103' title='bbox 81 3225 84 3232; x_wconf 92' lang='lat'>·</span> <span class='ocrx_word' id='word_1_104' title='bbox 175 3209 234 3293; x_wconf 84' lang='lat' dir='ltr'><strong><em>tao</em></strong></span> <span class='ocrx_word' id='word_1_105' title='bbox 271 3207 395 3278; x_wconf 83' lang='lat' dir='ltr'><strong><em>aucta,</em></strong></span> <span class='ocrx_word' id='word_1_106' title='bbox 430 3198 672 3294; x_wconf 76' lang='lat' dir='ltr'><strong><em>amplificata,</em></strong></span> <span class='ocrx_word' id='word_1_107' title='bbox 702 3194 875 3294; x_wconf 66' lang='lat' dir='ltr'><strong><em>perficio.</em></strong></span> <span class='ocrx_word' id='word_1_108' title='bbox 934 3182 1128 3270; x_wconf 81' lang='lat' dir='ltr'><strong><em>Historiae</em></strong></span> <span class='ocrx_word' id='word_1_109' title='bbox 1162 3201 1231 3295; x_wconf 85' lang='lat' dir='ltr'><strong><em>qui</em></strong></span> 
     </span>
     <span class='ocr_line' id='line_1_19' title="bbox 173 3368 1272 3477; baseline -0.001 -34"><span class='ocrx_word' id='word_1_110' title='bbox 173 3375 330 3468; x_wconf 77' lang='lat' dir='ltr'><strong><em>ignaras</em></strong></span> <span class='ocrx_word' id='word_1_111' title='bbox 362 3379 432 3450; x_wconf 88' lang='lat' dir='ltr'><strong><em>cst,</em></strong></span> <span class='ocrx_word' id='word_1_112' title='bbox 467 3397 537 3444; x_wconf 93' lang='lat' dir='ltr'><strong><em>non</em></strong></span> <span class='ocrx_word' id='word_1_113' title='bbox 570 3379 709 3477; x_wconf 87' lang='lat' dir='ltr'><strong><em>tantam</em></strong></span> <span class='ocrx_word' id='word_1_114' title='bbox 748 3368 819 3441; x_wconf 76' lang='lat' dir='ltr'><strong><em>ticio</em></strong></span> <span class='ocrx_word' id='word_1_115' title='bbox 848 3372 1018 3441; x_wconf 88' lang='lat' dir='ltr'><strong><em>scientiae</em></strong></span> <span class='ocrx_word' id='word_1_116' title='bbox 1051 3375 1230 3465; x_wconf 82' lang='lat' dir='ltr'><strong><em>gemetica</em></strong></span> <span class='ocrx_word' id='word_1_117' title='bbox 1268 3378 1272 3389; x_wconf 91' lang='lat'>&#39;</span> 
     </span>
     <span class='ocr_line' id='line_1_20' title="bbox 171 3544 1228 3640; baseline -0.002 -23"><span class='ocrx_word' id='word_1_118' title='bbox 171 3544 373 3640; x_wconf 83' lang='lat' dir='ltr'><strong><em>cognitione</em></strong></span> <span class='ocrx_word' id='word_1_119' title='bbox 405 3550 521 3622; x_wconf 86' lang='lat' dir='ltr'><strong><em>caret,</em></strong></span> <span class='ocrx_word' id='word_1_120' title='bbox 556 3567 681 3612; x_wconf 77' lang='lat' dir='ltr'><strong><em>acram</em></strong></span> <span class='ocrx_word' id='word_1_121' title='bbox 711 3568 776 3614; x_wconf 90' lang='lat' dir='ltr'><strong><em>nec</em></strong></span> <span class='ocrx_word' id='word_1_122' title='bbox 801 3546 938 3637; x_wconf 76' lang='lat' dir='ltr'><strong><em>ipsam,</em></strong></span> <span class='ocrx_word' id='word_1_123' title='bbox 964 3565 1069 3636; x_wconf 84' lang='lat' dir='ltr'><strong><em>qaam</em></strong></span> <span class='ocrx_word' id='word_1_124' title='bbox 1101 3545 1228 3628; x_wconf 83' lang='lat' dir='ltr'><strong><em>vicit,</em></strong></span> 
     </span>
     <span class='ocr_line' id='line_1_21' title="bbox 174 3678 1230 3810; baseline 0.002 -24"><span class='ocrx_word' id='word_1_125' title='bbox 174 3723 344 3794; x_wconf 83' lang='lat' dir='ltr'><strong><em>aetatem,</em></strong></span> <span class='ocrx_word' id='word_1_126' title='bbox 371 3738 434 3783; x_wconf 89' lang='lat' dir='ltr'><strong><em>nec</em></strong></span> <span class='ocrx_word' id='word_1_127' title='bbox 458 3717 658 3810; x_wconf 62' lang='lat' dir='ltr'><strong><em>scriptores</em></strong></span> <span class='ocrx_word' id='word_1_128' title='bbox 682 3678 883 3787; x_wconf 84' lang='lat' dir='ltr'><strong><em>coaetaneos</em></strong></span> <span class='ocrx_word' id='word_1_129' title='bbox 909 3712 1117 3807; x_wconf 78' lang='lat' dir='ltr'><strong><em>intelligere</em></strong></span> <span class='ocrx_word' id='word_1_130' title='bbox 1148 3719 1230 3787; x_wconf 87' lang='lat' dir='ltr'><strong><em>rite</em></strong></span> 
     </span>
     <span class='ocr_line' id='line_1_22' title="bbox 167 3884 1231 3983; baseline 0 -25"><span class='ocrx_word' id='word_1_131' title='bbox 167 3889 319 3983; x_wconf 79' lang='lat' dir='ltr'><strong><em>poterit.</em></strong></span> <span class='ocrx_word' id='word_1_132' title='bbox 378 3884 452 3962; x_wconf 84' lang='lat' dir='ltr'><strong><em>Est</em></strong></span> <span class='ocrx_word' id='word_1_133' title='bbox 481 3888 575 3959; x_wconf 87' lang='lat' dir='ltr'><strong><em>enim</em></strong></span> <span class='ocrx_word' id='word_1_134' title='bbox 609 3912 681 3960; x_wconf 85' lang='lat' dir='ltr'><strong><em>ana</em></strong></span> <span class='ocrx_word' id='word_1_135' title='bbox 716 3895 751 3962; x_wconf 89' lang='lat' dir='ltr'><strong><em>et</em></strong></span> <span class='ocrx_word' id='word_1_136' title='bbox 789 3890 954 3960; x_wconf 75' lang='lat' dir='ltr'><strong><em>continua</em></strong></span> <span class='ocrx_word' id='word_1_137' title='bbox 984 3886 1231 3964; x_wconf 76' lang='lat' dir='ltr'><strong><em>scientiarum</em></strong></span> 
     </span>
    </p>
   </div>
   <div class='ocr_carea' id='block_1_6' title="bbox 169 4058 1233 4159">
    <p class='ocr_par' dir='ltr' id='par_1_7' title="bbox 169 4058 1233 4159">
     <span class='ocr_line' id='line_1_23' title="bbox 169 4058 1233 4159; baseline 0.001 -29"><span class='ocrx_word' id='word_1_138' title='bbox 169 4059 325 4130; x_wconf 44' lang='lat' dir='ltr'><strong><em>&lt;moditia</em></strong></span> <span class='ocrx_word' id='word_1_139' title='bbox 345 4066 380 4130; x_wconf 79' lang='lat' dir='ltr'><strong><em>et</em></strong></span> <span class='ocrx_word' id='word_1_140' title='bbox 403 4060 694 4156; x_wconf 76' lang='lat' dir='ltr'><strong><em>quomadmodum</em></strong></span> <span class='ocrx_word' id='word_1_141' title='bbox 712 4060 869 4134; x_wconf 76' lang='lat' dir='ltr'><strong><em>homines</em></strong></span> <span class='ocrx_word' id='word_1_142' title='bbox 889 4058 1029 4159; x_wconf 79' lang='lat' dir='ltr'><strong><em>singuli</em></strong></span> <span class='ocrx_word' id='word_1_143' title='bbox 1044 4083 1070 4129; x_wconf 89' lang='lat' dir='ltr'><strong><em>a</em></strong></span> <span class='ocrx_word' id='word_1_144' title='bbox 1079 4082 1233 4154; x_wconf 60' lang='lat' dir='ltr'><strong><em>parom</em></strong></span> 
     </span>
    </p>
   </div>
   <div class='ocr_carea' id='block_1_7' title="bbox 0 0 1280 5040">
    <p class='ocr_par' dir='ltr' id='par_1_8' title="bbox 0 0 1280 5040">
     <span class='ocr_line' id='line_1_24' title="bbox 0 0 1280 5040; baseline 0 0"><span class='ocrx_word' id='word_1_145' title='bbox 0 0 1280 5040; x_wconf 95' lang='lat' dir='ltr'><strong><em> </em></strong></span> 
     </span>
    </p>
   </div>
  </div>
 </body>
</html>
