2566 5040
360 360 566 432 arcadius
586 328 788 456 carusius
805 364 940 428 saian.
1116 367 1172 431 ars

127 541 269 644 giminis
297 545 408 640 ipsius
428 527 662 618 oeconomiae¹
681 545 842 615 animalis
863 542 1167 637 generalissimum

123 682 180 744 cst
203 695 245 741 ac
269 670 579 740 familiarissimum
601 669 805 762 subjectum
827 669 1101 762 aegritudinum.

182 795 334 866 Habetis
372 792 556 864 doctrinae
592 789 798 864 Stalrlianae
833 788 1171 883 summamsquam*

122 917 343 991 brevissimis
360 916 484 987 verbis.
497 919 808 1013 comprehensam,
833 940 939 1011 quam
958 918 995 986 in
1015 918 1163 1010 singulis

121 1018 309 1137 persequi,
335 1066 403 1113 nec
435 1044 622 1135 temporis,
647 1047 725 1119 nec
742 1039 900 1111 instituti
930 1042 1044 1111 nostri
1068 1043 1161 1112 ratio

119 1167 338 1262 permittit

170 1291 259 1362 Eam
274 1301 395 1362 autem
407 1289 613 1385 prinsquam
626 1289 829 1369 mittamus,
855 1287 949 1381 agite
963 1287 1162 1368 videamus,

119 1413 300 1510 quomodo
329 1435 412 1484 curn
440 1413 518 1482 aliis
556 1413 707 1484 aliorum
735 1414 956 1484 medicorum
989 1390 1164 1484 doctrinis
1235 1470 1237 1474 .

121 1560 276 1634 cumque
303 1535 476 1607 scientiae
498 1533 658 1606 medicae
678 1536 750 1609 hoc
773 1551 932 1632 tempore
954 1537 1162 1609 conditione

120 1661 326 1732 cohaereat
590 1757 593 1762 Ι

167 1786 578 1860 Vidimus'ttmuosnun
593 1782 708 1878 prima
720 1783 851 1876 jecisse
866 1786 1065 1857 medicinae
1080 1791 1160 1880 psy'a

119 1907 246 1980 chieae
283 1909 526 1980 fundamenta.
586 1905 647 1978 Ab
682 1908 893 1983 Hacuonno
925 1908 1158 1991 deiecerunt,
1209 1946 1212 1950 *

120 2034 183 2128 qui
204 2034 323 2102 secuti
350 2044 433 2102 sunt
460 2030 610 2110 medici,
635 2031 881 2107 mechanicam
906 2046 945 2104 et
966 2032 1160 2128 probantes
1197 2080 1203 2086 -

120 2165 156 2233 et
174 2156 390 2226 edomantes
407 2154 624 2232 doctrinam.
650 2155 711 2225 cui
727 2158 1031 2249 opportunitatem
1053 2181 1165 2250 prae·-

97 2279 248 2350 sbuerat
268 2279 416 2350 inventa
435 2279 480 2350 ab
499 2279 678 2358 Haavaao
700 2290 738 2349 et
755 2280 999 2352 demonstrata
1018 2273 1169 2375 sangui-'

117 2405 173 2475 nis
192 2403 390 2505 circulatio.
424 2403 513 2474 Cum
529 2401 597 2472 hac
615 2403 830 2474 medicinam
845 2407 1050 2499 psychicam
1069 2407 1159 2479 lecit

118 2528 402 2600 consentientem
427 2529 627 2607 Sciamus,
656 2551 677 2595 a
700 2527 863 2620 chyrnico
895 2529 1070 2599 termento
1094 2554 1157 2623 pa·

115 2653 205 2741 riter
227 2663 337 2747 atque
365 2649 411 2720 ab
439 2662 621 2720 automata
649 2650 859 2719 mechanico
892 2649 1029 2717 alienus
1055 2663 1091 2718 et
1113 2663 1174 2721 utx

107 2777 195 2846 'erat
229 2775 347 2844 animo
378 2774 560 2866 religioso,
582 2774 671 2867 pio,
698 2773 736 2843 in
760 2795 963 2843 caussarum
994 2772 1156 2845 finalium

114 2901 316 2971 doctrinam
354 2898 539 2967 inclinans.
598 2896 732 2990 Corpus
769 2920 832 2990 per
866 2897 1074 2967 mixtionem
1108 2886 1169 2969 ad

113 3022 302 3094 interitum
333 3046 479 3115 vergere
509 3022 618 3118 inque
644 3045 791 3115 corpore
814 3020 1023 3112 sanguinem
1046 3022 1155 3114 inpri«

111 3147 197 3228 mis,
224 3169 347 3217 verum
361 3128 451 3218 illud
468 3145 777 3240 corruptibilitatis
792 3144 972 3237 specimen
985 3158 1023 3216 et
1037 3170 1154 3216 exem-

110 3272 207 3365 plar,
229 3272 431 3364 ¹ipsumque
462 3295 522 3341 cor
549 3270 640 3360 illud
670 3269 800 3339 mobile
835 3282 1049 3362 perpetuum
1078 3292 1152 3341 non

107 3418 184 3465 uno
203 3407 326 3464 tenore
352 3396 512 3488 pulsare,
537 3395 662 3467 verum
687 3393 732 3463 ab
751 3392 868 3464 animo
888 3405 1064 3464 commoto
1080 3394 1153 3487 agi-

108 3519 179 3588 tari
199 3530 389 3611 perpetuo,
404 3545 476 3614 qua
492 3532 570 3592 erat
587 3518 722 3612 ingenii
736 3517 1028 3611 perspicacitate,
1047 3494 1153 3590 intel?
1255 3494 1258 3498 ι

101 3642 261 3712 lcxerat:
287 3654 333 3714 ex
351 3646 527 3739 principio
547 3645 658 3740 igitur
676 3641 852 3712 materiali
869 3641 944 3712 sire
966 3641 1147 3736 chymico,

103 3765 186 3839 sire
208 3768 418 3846 mechanico
443 3770 553 3841 vitam
581 3766 750 3863 explicari
776 3790 849 3836 non
870 3789 985 3858 posses
1034 3766 1152 3836 Immo

104 3890 232 3972 febre,
258 3892 297 3962 in
329 3888 401 3988 qua
430 3895 622 3988 plurimum
657 3900 817 3962 mutatur
847 3889 1060 3982 tranquillus
1090 3887 1154 3959 illc

100 4037 150 4084 ac
168 4017 319 4088 sedatus
344 4018 593 4093 circulationis
614 4031 754 4097 motus,
779 4025 919 4084 tantum
941 4015 1085 4092 abesse,
1110 4019 1156 4086 ut

931 4131 965 4190 lb
