2566 5040
401 384 903 457 sno.e>aaanaa·
1109 390 1168 460 mv

123 567 300 646 Wattrn
331 571 376 669 de
411 574 492 667 opio
522 573 698 657 contraria
734 573 864 666 opponi
895 593 997 665 posse
1026 572 1164 664 experi-
1267 607 1271 615 ·

125 709 250 766 menta
271 699 480 777 Porrima,
515 701 732 767 contrarium
758 708 928 767 eventum
957 695 1166 765 indicantia.

173 820 230 890 En
255 820 381 890 harum
410 823 734 893 controversiarum
764 841 956 898 summam,
992 817 1090 886 unde
1121 818 1168 887 ti·

124 955 216 1037 quet
237 944 275 1013 in
299 944 390 1014 hanc
413 967 506 1025 rem,
531 947 588 1014 uti
613 947 652 1015 in
676 945 809 1034 ballum
835 941 933 1012 istud
958 943 1166 1036 antiquum,

125 1069 255 1137 eadere
274 1068 507 1139 Horatianum
529 1068 638 1138 iliud:
665 1067 800 1138 Iliacos
818 1067 922 1171 intra
943 1090 1063 1137 maros
1076 1090 1168 1162 pec-⁴

123 1201 231 1262 catur
252 1201 287 1263 et
308 1203 427 1263 entra.
470 1237 471 1240 =

523 1454 779 1484 -unnmu-f—

397 1634 566 1719 inan
615 1656 884 1715 minnan

408 1822 412 1831 ·
510 1805 764 1867 ammana
855 1811 863 1831 ¹
928 1896 936 1925 Δ

170 2052 254 2130 Atia
275 2056 420 2128 interim
447 2055 549 2129 fuere
575 2058 732 2131 virorum
758 2056 945 2128 doctorum
972 2057 1161 2129 deicito«
1279 2120 1282 2125 .

86 2208 89 2218 ’
120 2183 264 2254 bilitate
290 2182 432 2275 placita.
482 2183 528 2252 Et
555 2183 594 2252 in
622 2195 745 2254 nostra
768 2184 913 2279 quidem
945 2183 1060 2276 patria
1083 2183 1161 2276 jam

120 2307 262 2401 pridem
293 2307 401 2377 Fano.
436 2292 633 2383 ertreans
657 2307 908 2378 irritabilitatis
938 2309 1162 2400 contempla!

121 2430 257 2501 tionem
290 2427 445 2499 feliciter
469 2430 683 2524 adhibuerat
704 2434 749 2502 ad
777 2433 953 2502 theoriam
977 2444 1015 2502 et
1036 2430 1161 2525 praxim

119 2554 297 2624 medicam
317 2552 581 2655 explicandam
609 2578 650 2624 ex
675 2555 777 2646 eujus
799 2554 921 2623 schola
940 2557 1059 2648 plures
1077 2578 1162 2648 pro-

121 2676 266 2748 dierant
289 2677 335 2746 de
356 2676 426 2745 hoo
451 2689 660 2770 argumento
684 2679 906 2770 conscriptae
932 2678 1160 2749 Dissertatio-

119 2825 199 2881 nes,
225 2812 309 2870 ante
335 2825 432 2881 eam,
453 2824 560 2896 quam
580 2792 773 2894 Gottingae
793 2801 908 2872 edidit
928 2804 1162 2873 meaamart-

120 2942 201 2997 Itos:-
218 2949 299 2995 cum
316 2927 391 3020 ipse
411 2929 608 3003 ernaos
623 2926 858 2996 irritabilitati
877 2940 915 2997 et
931 2927 1161 2998 sensibilitati

81 3064 85 3070 '
120 3049 323 3119 adscribere
352 3053 482 3121 soleret
509 3052 694 3147 primarios
724 3051 762 3120 in
781 3051 1085 3147 sanitatepariter
1104 3065 1160 3121 at·

118 3196 192 3269 quc
212 3172 251 3242 in
273 3175 405 3276 morbis
435 3175 590 3269 corporis
619 3175 767 3246 hnmani
801 3178 962 3247 affectus.
1012 3177 1159 3247 Exstitit

116 3309 239 3366 autem
266 3278 361 3368 inter
380 3302 552 3376 eraaI
572 3301 765 3394 discipulos
785 3301 946 3376 Gnatia.
972 3303 1159 3373 Doavaaa-

115 3442 178 3494 tttts
206 3421 271 3493 Vir
300 3421 369 3501 Gt,
403 3424 467 3516 qni
495 3428 738 3516 experimenta
768 3426 1020 3522 experimentis
1047 3449 1157 3519 oppo-

115 3547 207 3625 suit,
234 3545 367 3641 quibus
392 3559 429 3616 et
450 3548 635 3619 tendinum
666 3562 702 3621 et
722 3526 996 3645 aponenrosium
1017 3562 1055 3620 et
1082 3576 1168 3622 men

113 3669 264 3761 ningum
303 3694 425 3739 sensus
468 3672 688 3744 manifestari
723 3677 940 3746 ridebantur
977 3676 1155 3770 simulque

113 3796 358 3887 praeceptoris
380 3797 553 3871 ertraal
576 3798 704 3866 merita
724 3799 769 3869 de
790 3800 953 3868 doctrina
975 3801 1157 3870 irritabiii·
1218 3828 1220 3833 ·

73 3942 84 3952 ⁹
113 3917 202 3985 tatis
226 3918 334 4011 justis
365 3920 561 3990 celebravit
587 3919 766 3992 laudibus.
815 3923 961 3993 Exstitit
990 3923 1155 4002 Gratia

111 4039 273 4112 Fossam
298 4044 518 4134 Vaascama,
552 4044 749 4142 discipulus
777 4049 985 4121 Doevaaem
1013 4065 1050 4123 et
1079 4051 1156 4149 ipse
